[
  {
    "Order_ID": "578713411623027713",
    "Category": "ทับทิมทองทรงเครื่อง 5 รส  5.5 KG",
    "Sales": 354.15,
    "Date": "2025-05-05",
    "Platform": "TikTok"
  },
  {
    "Order_ID": "578705464534009375",
    "Category": "ขาไก่ทรงเครื่อง 5 รส  5 KG",
    "Sales": 336.46,
    "Date": "2025-05-04",
    "Platform": "TikTok"
  },
  {
    "Order_ID": "578705457893836319",
    "Category": "ขนมปังกรอบสอดไส้แยมสับปะรด 5 KG",
    "Sales": 336.46,
    "Date": "2025-05-04",
    "Platform": "TikTok"
  },
  {
    "Order_ID": "578703431222461622",
    "Category": "ข้าวเกรียบหมึกรสซอลโชยุ 105 G",
    "Sales": 35.74,
    "Date": "2025-05-04",
    "Platform": "TikTok"
  },
  {
    "Order_ID": "578703431222461622",
    "Category": "เผ็ดหวาน 105 กรัม",
    "Sales": 0.0,
    "Date": "2025-05-04",
    "Platform": "TikTok"
  },
  {
    "Order_ID": "578703294298293745",
    "Category": "ขาไก่ทรงเครื่อง 5 รส  5 KG",
    "Sales": 357.84,
    "Date": "2025-05-04",
    "Platform": "TikTok"
  },
  {
    "Order_ID": "578693550632961781",
    "Category": "ขนมปังกรอบสอดไส้แยมสับปะรด 5 KG",
    "Sales": 353.78,
    "Date": "2025-05-03",
    "Platform": "TikTok"
  },
  {
    "Order_ID": "578692958113466009",
    "Category": "ขาไก่ทรงเครื่อง 5 รส  5 KG",
    "Sales": 353.78,
    "Date": "2025-05-03",
    "Platform": "TikTok"
  },
  {
    "Order_ID": "578692879326283417",
    "Category": "ขนมปังกรอบรสมะพร้าว 5 KG",
    "Sales": 707.56,
    "Date": "2025-05-03",
    "Platform": "TikTok"
  },
  {
    "Order_ID": "578692879326283417",
    "Category": "ขนมปังกรอบรสงา 5 KG",
    "Sales": 0.0,
    "Date": "2025-05-03",
    "Platform": "TikTok"
  },
  {
    "Order_ID": "578691531295524709",
    "Category": "ขาไก่ทรงเครื่อง 5 รส  5 KG",
    "Sales": 352.3,
    "Date": "2025-05-03",
    "Platform": "TikTok"
  },
  {
    "Order_ID": "578691409932813610",
    "Category": "ขาไก่ทรงเครื่อง 5 รส  5 KG",
    "Sales": 374.54,
    "Date": "2025-05-03",
    "Platform": "TikTok"
  },
  {
    "Order_ID": "578689431040722788",
    "Category": "คุกกี้ก้นหอยสอดไส้ครีมกลิ่นทุเรียน 5 KG",
    "Sales": 373.97,
    "Date": "2025-05-03",
    "Platform": "TikTok"
  },
  {
    "Order_ID": "578689270791571317",
    "Category": "ขนมขาไก่รสดั้งเดิม  5 KG",
    "Sales": 354.56,
    "Date": "2025-05-03",
    "Platform": "TikTok"
  },
  {
    "Order_ID": "578683888580133949",
    "Category": "เผ็ดหวาน 105 กรัม",
    "Sales": 20.72,
    "Date": "2025-05-02",
    "Platform": "TikTok"
  },
  {
    "Order_ID": "578673232997549742",
    "Category": "ขนมปังกรอบเค็มรูปเอบีซี 4 KG",
    "Sales": 303.74,
    "Date": "2025-05-01",
    "Platform": "TikTok"
  },
  {
    "Order_ID": "578654125486016186",
    "Category": "ขนมปังกรอบสอดไส้แยมสับปะรด 5 KG",
    "Sales": 116.1,
    "Date": "2025-04-30",
    "Platform": "TikTok"
  },
  {
    "Order_ID": "578652742059459923",
    "Category": "ข้าวเกรียบกุ้งรสหมึกย่าง 400 G",
    "Sales": 278.94,
    "Date": "2025-04-30",
    "Platform": "TikTok"
  },
  {
    "Order_ID": "578652742059459923",
    "Category": "ทะเลไทย รสเผ็ดหวาน+หมึกย่าง+ซอลโชยุ",
    "Sales": 0.0,
    "Date": "2025-04-30",
    "Platform": "TikTok"
  },
  {
    "Order_ID": "578652742059459923",
    "Category": "ข้าวเกรียบหมึกรสเผ็ดหวาน 400 G",
    "Sales": 0.0,
    "Date": "2025-04-30",
    "Platform": "TikTok"
  },
  {
    "Order_ID": "578649886819714603",
    "Category": "คุกกี้ก้นหอยสอดไส้ครีมกลิ่นกาแฟ 5 KG",
    "Sales": 328.41,
    "Date": "2025-04-30",
    "Platform": "TikTok"
  },
  {
    "Order_ID": "578649800487503509",
    "Category": "ขาไก่ทรงเครื่อง 5 รส  5 KG",
    "Sales": 332.07,
    "Date": "2025-04-30",
    "Platform": "TikTok"
  },
  {
    "Order_ID": "578648749762118772",
    "Category": "ข้าวเกรียบหมึกรสเผ็ดหวาน 400 G",
    "Sales": 164.35,
    "Date": "2025-04-30",
    "Platform": "TikTok"
  },
  {
    "Order_ID": "578648749762118772",
    "Category": "ข้าวเกรียบกุ้งรสหมึกย่าง 400 G",
    "Sales": 0.0,
    "Date": "2025-04-30",
    "Platform": "TikTok"
  },
  {
    "Order_ID": "578646854210782640",
    "Category": "คุกกี้ก้นหอยสอดไส้ครีมกลิ่นใบเตย 5 KG",
    "Sales": 328.41,
    "Date": "2025-04-29",
    "Platform": "TikTok"
  },
  {
    "Order_ID": "578646588182398774",
    "Category": "ขนมปังกรอบรสงา 5 KG",
    "Sales": 348.66,
    "Date": "2025-04-29",
    "Platform": "TikTok"
  },
  {
    "Order_ID": "578646356102317989",
    "Category": "ขาไก่ทรงเครื่อง 5 รส  5 KG",
    "Sales": 349.31,
    "Date": "2025-04-29",
    "Platform": "TikTok"
  },
  {
    "Order_ID": "578646201405113658",
    "Category": "ข้าวเกรียบกุ้งรสหมึกย่าง 105 กรัม (ยกลัง)",
    "Sales": 371.94,
    "Date": "2025-04-29",
    "Platform": "TikTok"
  },
  {
    "Order_ID": "578645393694426815",
    "Category": "ขาไก่ทรงเครื่อง 5 รส  5 KG",
    "Sales": 331.69,
    "Date": "2025-04-29",
    "Platform": "TikTok"
  },
  {
    "Order_ID": "578645174005630951",
    "Category": "ขนมขาไก่รสดั้งเดิม  5 KG",
    "Sales": 335.06,
    "Date": "2025-04-29",
    "Platform": "TikTok"
  },
  {
    "Order_ID": "578638613175698594",
    "Category": "ขนมปังกรอบรสมะพร้าว 5 KG",
    "Sales": 600.8,
    "Date": "2025-04-29",
    "Platform": "TikTok"
  },
  {
    "Order_ID": "578638613175698594",
    "Category": "ขนมปังกรอบรสงา 5 KG",
    "Sales": 0.0,
    "Date": "2025-04-29",
    "Platform": "TikTok"
  },
  {
    "Order_ID": "578638607989441544",
    "Category": "ขาไก่ทรงเครื่อง 5 รส  5 KG",
    "Sales": 328.41,
    "Date": "2025-04-29",
    "Platform": "TikTok"
  },
  {
    "Order_ID": "578632198179292409",
    "Category": "ขาไก่ทรงเครื่อง 5 รส  5 KG",
    "Sales": 992.24,
    "Date": "2025-04-28",
    "Platform": "TikTok"
  },
  {
    "Order_ID": "578632198179292409",
    "Category": "คุกกี้ก้นหอยสอดไส้ครีมกลิ่นกาแฟ 5 KG",
    "Sales": 0.0,
    "Date": "2025-04-28",
    "Platform": "TikTok"
  },
  {
    "Order_ID": "578632198179292409",
    "Category": "คุกกี้ก้นหอยสอดไส้ครีมกลิ่นทุเรียน 5 KG",
    "Sales": 0.0,
    "Date": "2025-04-28",
    "Platform": "TikTok"
  },
  {
    "Order_ID": "578631686784779534",
    "Category": "ทับทิมทองทรงเครื่อง 5 รส  5.5 KG",
    "Sales": 590.12,
    "Date": "2025-04-28",
    "Platform": "TikTok"
  },
  {
    "Order_ID": "578630187986487262",
    "Category": "หมึกย่าง 105 กรัม",
    "Sales": 46.49,
    "Date": "2025-04-28",
    "Platform": "TikTok"
  },
  {
    "Order_ID": "578629904488564406",
    "Category": "ข้าวเกรียบกุ้งรสหมึกย่าง 105 กรัม (ยกลัง)",
    "Sales": 335.68,
    "Date": "2025-04-28",
    "Platform": "TikTok"
  },
  {
    "Order_ID": "578625198477575910",
    "Category": "ขนมปังกรอบรสมะพร้าว 5 KG",
    "Sales": 0.0,
    "Date": "2025-04-28",
    "Platform": "TikTok"
  },
  {
    "Order_ID": "578624967406225278",
    "Category": "ขาไก่ทรงเครื่อง 5 รส  5 KG",
    "Sales": 348.66,
    "Date": "2025-04-28",
    "Platform": "TikTok"
  },
  {
    "Order_ID": "578621489044883060",
    "Category": "ขาไก่ทรงเครื่อง 5 รส  5 KG",
    "Sales": 330.4,
    "Date": "2025-04-28",
    "Platform": "TikTok"
  },
  {
    "Order_ID": "578619895250978760",
    "Category": "ทับทิมทองทรงเครื่อง 5 รส  5.5 KG",
    "Sales": 636.0,
    "Date": "2025-04-28",
    "Platform": "TikTok"
  },
  {
    "Order_ID": "578618536398586913",
    "Category": "ขนมขาไก่รสดั้งเดิม  5 KG",
    "Sales": 348.66,
    "Date": "2025-04-27",
    "Platform": "TikTok"
  },
  {
    "Order_ID": "578606017627195067",
    "Category": "ขาไก่ทรงเครื่อง 5 รส  5 KG",
    "Sales": 348.21,
    "Date": "2025-04-26",
    "Platform": "TikTok"
  },
  {
    "Order_ID": "578605312676430865",
    "Category": "ขนมปังกรอบรสงา 5 KG",
    "Sales": 364.9,
    "Date": "2025-04-26",
    "Platform": "TikTok"
  },
  {
    "Order_ID": "578605189629182993",
    "Category": "สอดไส้ครีมกลิ่นวานิลลา",
    "Sales": 658.3,
    "Date": "2025-04-26",
    "Platform": "TikTok"
  },
  {
    "Order_ID": "578605189629182993",
    "Category": "คุกกี้ก้นหอยสอดไส้ครีมกลิ่นกาแฟ 5 KG",
    "Sales": 0.0,
    "Date": "2025-04-26",
    "Platform": "TikTok"
  },
  {
    "Order_ID": "578598960521971637",
    "Category": "ขนมปังกรอบสอดไส้แยมสับปะรด 5 KG",
    "Sales": 0.0,
    "Date": "2025-04-26",
    "Platform": "TikTok"
  },
  {
    "Order_ID": "578597891621095182",
    "Category": "ขาไก่ทรงเครื่อง 5 รส  5 KG",
    "Sales": 332.1,
    "Date": "2025-04-26",
    "Platform": "TikTok"
  },
  {
    "Order_ID": "578591351666541768",
    "Category": "ขาไก่ทรงเครื่อง 5 รส  5 KG",
    "Sales": 348.66,
    "Date": "2025-04-25",
    "Platform": "TikTok"
  },
  {
    "Order_ID": "578587801561171089",
    "Category": "ขนมปังกรอบรสมะพร้าว 5 KG",
    "Sales": 328.41,
    "Date": "2025-04-25",
    "Platform": "TikTok"
  },
  {
    "Order_ID": "578587539008750737",
    "Category": "ขนมปังกรอบรสมะพร้าว 5 KG",
    "Sales": 0.0,
    "Date": "2025-04-25",
    "Platform": "TikTok"
  },
  {
    "Order_ID": "578586806292481653",
    "Category": "สอดไส้ครีมกลิ่นวานิลลา",
    "Sales": 697.32,
    "Date": "2025-04-25",
    "Platform": "TikTok"
  },
  {
    "Order_ID": "578586806292481653",
    "Category": "ขนมปังกรอบสอดไส้แยมสับปะรด 5 KG",
    "Sales": 0.0,
    "Date": "2025-04-25",
    "Platform": "TikTok"
  },
  {
    "Order_ID": "578586634551330391",
    "Category": "ขนมปังกรอบรสมะพร้าว 5 KG",
    "Sales": 348.66,
    "Date": "2025-04-25",
    "Platform": "TikTok"
  },
  {
    "Order_ID": "578583743442224469",
    "Category": "ขาไก่ทรงเครื่อง 5 รส  5 KG",
    "Sales": 640.53,
    "Date": "2025-04-25",
    "Platform": "TikTok"
  },
  {
    "Order_ID": "578583743442224469",
    "Category": "ขนมขาไก่รสดั้งเดิม  5 KG",
    "Sales": 0.0,
    "Date": "2025-04-25",
    "Platform": "TikTok"
  },
  {
    "Order_ID": "578578508242388015",
    "Category": "คุกกี้ก้นหอยสอดไส้ครีมกลิ่นใบเตย 5 KG",
    "Sales": 348.66,
    "Date": "2025-04-24",
    "Platform": "TikTok"
  },
  {
    "Order_ID": "578575081622766786",
    "Category": "ทับทิมทองทรงเครื่อง 5 รส  5.5 KG",
    "Sales": 329.89,
    "Date": "2025-04-24",
    "Platform": "TikTok"
  },
  {
    "Order_ID": "578573847789733206",
    "Category": "ขนมปังกรอบเค็มรูปเอบีซี 4 KG",
    "Sales": 284.62,
    "Date": "2025-04-24",
    "Platform": "TikTok"
  },
  {
    "Order_ID": "578569399196026525",
    "Category": "ทับทิมทองทรงเครื่อง 5 รส  5.5 KG",
    "Sales": 328.41,
    "Date": "2025-04-24",
    "Platform": "TikTok"
  },
  {
    "Order_ID": "578566334212048013",
    "Category": "ขนมขาไก่รสดั้งเดิม  5 KG",
    "Sales": 331.73,
    "Date": "2025-04-23",
    "Platform": "TikTok"
  },
  {
    "Order_ID": "578566029405751119",
    "Category": "คุกกี้ก้นหอยสอดไส้ครีมกลิ่นกาแฟ 5 KG",
    "Sales": 661.75,
    "Date": "2025-04-23",
    "Platform": "TikTok"
  },
  {
    "Order_ID": "578566029405751119",
    "Category": "คุกกี้ก้นหอยสอดไส้ครีมกลิ่นทุเรียน 5 KG",
    "Sales": 0.0,
    "Date": "2025-04-23",
    "Platform": "TikTok"
  },
  {
    "Order_ID": "578565785646958030",
    "Category": "ทับทิมทองทรงเครื่อง 5 รส  5.5 KG",
    "Sales": 331.28,
    "Date": "2025-04-23",
    "Platform": "TikTok"
  },
  {
    "Order_ID": "578557825668646683",
    "Category": "ขาไก่ทรงเครื่อง 5 รส  5 KG",
    "Sales": 348.66,
    "Date": "2025-04-23",
    "Platform": "TikTok"
  },
  {
    "Order_ID": "578551057213326395",
    "Category": "ขนมปังกรอบสอดไส้แยมสับปะรด 5 KG",
    "Sales": 330.74,
    "Date": "2025-04-23",
    "Platform": "TikTok"
  },
  {
    "Order_ID": "578548447701337248",
    "Category": "ขนมปังกรอบสอดไส้แยมสับปะรด 5 KG",
    "Sales": 348.66,
    "Date": "2025-04-22",
    "Platform": "TikTok"
  },
  {
    "Order_ID": "578547754155148803",
    "Category": "ขนมปังกรอบสอดไส้แยมสับปะรด 5 KG",
    "Sales": 661.75,
    "Date": "2025-04-22",
    "Platform": "TikTok"
  },
  {
    "Order_ID": "578547159760274818",
    "Category": "ขนมปังกรอบสอดไส้แยมสับปะรด 5 KG",
    "Sales": 332.51,
    "Date": "2025-04-22",
    "Platform": "TikTok"
  },
  {
    "Order_ID": "578546529865467330",
    "Category": "ขนมปังกรอบสอดไส้แยมสับปะรด 5 KG",
    "Sales": 330.87,
    "Date": "2025-04-22",
    "Platform": "TikTok"
  },
  {
    "Order_ID": "578546162731943429",
    "Category": "ขนมขาไก่รสดั้งเดิม  5 KG",
    "Sales": 331.73,
    "Date": "2025-04-22",
    "Platform": "TikTok"
  },
  {
    "Order_ID": "578545957095310516",
    "Category": "ขาไก่ทรงเครื่อง 5 รส  5 KG",
    "Sales": 350.1,
    "Date": "2025-04-22",
    "Platform": "TikTok"
  },
  {
    "Order_ID": "578544614830802723",
    "Category": "ขนมปังกรอบสอดไส้แยมสับปะรด 5 KG",
    "Sales": 349.78,
    "Date": "2025-04-22",
    "Platform": "TikTok"
  },
  {
    "Order_ID": "578543862565078230",
    "Category": "ขาไก่ทรงเครื่อง 5 รส  5 KG",
    "Sales": 330.38,
    "Date": "2025-04-22",
    "Platform": "TikTok"
  },
  {
    "Order_ID": "578542550213429043",
    "Category": "ขนมขาไก่รสดั้งเดิม  5 KG",
    "Sales": 350.1,
    "Date": "2025-04-22",
    "Platform": "TikTok"
  },
  {
    "Order_ID": "578541301645018597",
    "Category": "ขาไก่ทรงเครื่อง 5 รส  5 KG",
    "Sales": 769.51,
    "Date": "2025-04-22",
    "Platform": "TikTok"
  },
  {
    "Order_ID": "578541301645018597",
    "Category": "ขนมปังกรอบสอดไส้แยมสับปะรด 5 KG",
    "Sales": 0.0,
    "Date": "2025-04-22",
    "Platform": "TikTok"
  },
  {
    "Order_ID": "578538461358163125",
    "Category": "สอดไส้ครีมกลิ่นวานิลลา",
    "Sales": 330.87,
    "Date": "2025-04-22",
    "Platform": "TikTok"
  },
  {
    "Order_ID": "578538309013112662",
    "Category": "ขาไก่ทรงเครื่อง 5 รส  5 KG",
    "Sales": 331.73,
    "Date": "2025-04-22",
    "Platform": "TikTok"
  },
  {
    "Order_ID": "578538318789641971",
    "Category": "ขนมปังกรอบรสงา 5 KG",
    "Sales": 332.51,
    "Date": "2025-04-22",
    "Platform": "TikTok"
  },
  {
    "Order_ID": "578536406946842258",
    "Category": "ขนมปังกรอบสอดไส้แยมสับปะรด 5 KG",
    "Sales": 309.15,
    "Date": "2025-04-22",
    "Platform": "TikTok"
  },
  {
    "Order_ID": "578536240079668580",
    "Category": "คุกกี้ก้นหอยสอดไส้ครีมกลิ่นทุเรียน 5 KG",
    "Sales": 295.3,
    "Date": "2025-04-22",
    "Platform": "TikTok"
  },
  {
    "Order_ID": "578536162389362123",
    "Category": "ขาไก่ทรงเครื่อง 5 รส  5 KG",
    "Sales": 295.3,
    "Date": "2025-04-22",
    "Platform": "TikTok"
  },
  {
    "Order_ID": "578534994502125510",
    "Category": "ขนมปังกรอบสอดไส้แยมสับปะรด 5 KG",
    "Sales": 213.84,
    "Date": "2025-04-22",
    "Platform": "TikTok"
  },
  {
    "Order_ID": "578534891295901616",
    "Category": "ขนมปังกรอบสอดไส้แยมสับปะรด 5 KG",
    "Sales": 292.67,
    "Date": "2025-04-22",
    "Platform": "TikTok"
  },
  {
    "Order_ID": "578534783992890461",
    "Category": "ขนมขาไก่รสดั้งเดิม  5 KG",
    "Sales": 295.3,
    "Date": "2025-04-22",
    "Platform": "TikTok"
  },
  {
    "Order_ID": "578534761591572398",
    "Category": "ขนมปังกรอบเค็มรูปเอบีซี 4 KG",
    "Sales": 279.29,
    "Date": "2025-04-22",
    "Platform": "TikTok"
  },
  {
    "Order_ID": "578531615182194493",
    "Category": "ขนมขาไก่รสดั้งเดิม  5 KG",
    "Sales": 326.81,
    "Date": "2025-04-21",
    "Platform": "TikTok"
  },
  {
    "Order_ID": "578530823545194051",
    "Category": "ทับทิมทองทรงเครื่อง 5 รส  5.5 KG",
    "Sales": 587.31,
    "Date": "2025-04-21",
    "Platform": "TikTok"
  },
  {
    "Order_ID": "578530806710961440",
    "Category": "ขนมปังกรอบรสงา 5 KG",
    "Sales": 929.36,
    "Date": "2025-04-21",
    "Platform": "TikTok"
  },
  {
    "Order_ID": "578530806710961440",
    "Category": "สอดไส้ครีมกลิ่นวานิลลา",
    "Sales": 0.0,
    "Date": "2025-04-21",
    "Platform": "TikTok"
  },
  {
    "Order_ID": "578530806710961440",
    "Category": "ขนมขาไก่รสดั้งเดิม  5 KG",
    "Sales": 0.0,
    "Date": "2025-04-21",
    "Platform": "TikTok"
  },
  {
    "Order_ID": "578530248167556274",
    "Category": "ขนมขาไก่รสดั้งเดิม  5 KG",
    "Sales": 293.16,
    "Date": "2025-04-21",
    "Platform": "TikTok"
  },
  {
    "Order_ID": "578525347478210467",
    "Category": "ขาไก่ทรงเครื่อง 5 รส  5 KG",
    "Sales": 294.15,
    "Date": "2025-04-21",
    "Platform": "TikTok"
  },
  {
    "Order_ID": "578524485604378199",
    "Category": "ขนมขาไก่รสดั้งเดิม  5 KG",
    "Sales": 294.15,
    "Date": "2025-04-21",
    "Platform": "TikTok"
  },
  {
    "Order_ID": "578524407332177600",
    "Category": "ขนมปังกรอบรสมะพร้าว 5 KG",
    "Sales": 376.18,
    "Date": "2025-04-21",
    "Platform": "TikTok"
  },
  {
    "Order_ID": "578524407332177600",
    "Category": "หมึกเผ็ดหวาน+กุ้งหมึกย่าง 400 กรัม",
    "Sales": 0.0,
    "Date": "2025-04-21",
    "Platform": "TikTok"
  },
  {
    "Order_ID": "578524383567382254",
    "Category": "ขนมปังกรอบเค็มรูปเอบีซี 4 KG",
    "Sales": 277.32,
    "Date": "2025-04-21",
    "Platform": "TikTok"
  },
  {
    "Order_ID": "578523889709384914",
    "Category": "สอดไส้ครีมกลิ่นวานิลลา",
    "Sales": 293.56,
    "Date": "2025-04-21",
    "Platform": "TikTok"
  },
  {
    "Order_ID": "578522559755552008",
    "Category": "สอดไส้ครีมกลิ่นวานิลลา",
    "Sales": 85.19,
    "Date": "2025-04-21",
    "Platform": "TikTok"
  },
  {
    "Order_ID": "578520314369049763",
    "Category": "ขาไก่ทรงเครื่อง 5 รส  5 KG",
    "Sales": 291.19,
    "Date": "2025-04-21",
    "Platform": "TikTok"
  },
  {
    "Order_ID": "578519286719415712",
    "Category": "ขนมขาไก่รสดั้งเดิม  5 KG",
    "Sales": 293.26,
    "Date": "2025-04-21",
    "Platform": "TikTok"
  },
  {
    "Order_ID": "578518576106538113",
    "Category": "ขาไก่ทรงเครื่อง 5 รส  5 KG",
    "Sales": 293.7,
    "Date": "2025-04-20",
    "Platform": "TikTok"
  },
  {
    "Order_ID": "578518196942374035",
    "Category": "ทับทิมทองทรงเครื่อง 5 รส  5.5 KG",
    "Sales": 310.08,
    "Date": "2025-04-20",
    "Platform": "TikTok"
  },
  {
    "Order_ID": "578517903061517392",
    "Category": "สอดไส้ครีมกลิ่นวานิลลา",
    "Sales": 588.29,
    "Date": "2025-04-20",
    "Platform": "TikTok"
  },
  {
    "Order_ID": "578517903061517392",
    "Category": "ขนมขาไก่รสดั้งเดิม  5 KG",
    "Sales": 0.0,
    "Date": "2025-04-20",
    "Platform": "TikTok"
  },
  {
    "Order_ID": "578517344769508878",
    "Category": "คุกกี้ก้นหอยสอดไส้ครีมกลิ่นใบเตย 5 KG",
    "Sales": 295.17,
    "Date": "2025-04-20",
    "Platform": "TikTok"
  },
  {
    "Order_ID": "578516916339770824",
    "Category": "ขนมขาไก่รสดั้งเดิม  5 KG",
    "Sales": 328.0,
    "Date": "2025-04-20",
    "Platform": "TikTok"
  },
  {
    "Order_ID": "578516707872965881",
    "Category": "คุกกี้แซนวิสสอดไส้ครีมกลิ่นช็อกโกแลต 5 KG",
    "Sales": 293.56,
    "Date": "2025-04-20",
    "Platform": "TikTok"
  },
  {
    "Order_ID": "578516290280720316",
    "Category": "ขนมขาไก่รสดั้งเดิม  5 KG",
    "Sales": 543.57,
    "Date": "2025-04-20",
    "Platform": "TikTok"
  },
  {
    "Order_ID": "578516290280720316",
    "Category": "ขนมปังกรอบเค็มรูปเอบีซี 4 KG",
    "Sales": 0.0,
    "Date": "2025-04-20",
    "Platform": "TikTok"
  },
  {
    "Order_ID": "578516103143130993",
    "Category": "ขาไก่ทรงเครื่อง 5 รส  5 KG",
    "Sales": 290.74,
    "Date": "2025-04-20",
    "Platform": "TikTok"
  },
  {
    "Order_ID": "578515554536227891",
    "Category": "ขาไก่ทรงเครื่อง 5 รส  5 KG",
    "Sales": 295.3,
    "Date": "2025-04-20",
    "Platform": "TikTok"
  },
  {
    "Order_ID": "578514378125641120",
    "Category": "คุกกี้ก้นหอยสอดไส้ครีมกลิ่นใบเตย 5 KG",
    "Sales": 308.7,
    "Date": "2025-04-20",
    "Platform": "TikTok"
  },
  {
    "Order_ID": "578513484554601598",
    "Category": "สอดไส้ครีมกลิ่นวานิลลา",
    "Sales": 294.15,
    "Date": "2025-04-20",
    "Platform": "TikTok"
  },
  {
    "Order_ID": "578513280917406863",
    "Category": "ขนมปังกรอบเค็มรูปเอบีซี 4 KG",
    "Sales": 280.13,
    "Date": "2025-04-20",
    "Platform": "TikTok"
  },
  {
    "Order_ID": "578512965646845862",
    "Category": "ขนมขาไก่รสดั้งเดิม  5 KG",
    "Sales": 309.96,
    "Date": "2025-04-20",
    "Platform": "TikTok"
  },
  {
    "Order_ID": "578512223543134171",
    "Category": "ขนมปังกรอบรสมะพร้าว 5 KG",
    "Sales": 528.95,
    "Date": "2025-04-20",
    "Platform": "TikTok"
  },
  {
    "Order_ID": "578512223543134171",
    "Category": "สอดไส้ครีมกลิ่นวานิลลา",
    "Sales": 0.0,
    "Date": "2025-04-20",
    "Platform": "TikTok"
  },
  {
    "Order_ID": "578511897491900302",
    "Category": "ขาไก่ทรงเครื่อง 5 รส  5 KG",
    "Sales": 293.26,
    "Date": "2025-04-20",
    "Platform": "TikTok"
  },
  {
    "Order_ID": "578511693522175488",
    "Category": "ขนมปังกรอบสอดไส้แยมสับปะรด 5 KG",
    "Sales": 293.56,
    "Date": "2025-04-20",
    "Platform": "TikTok"
  },
  {
    "Order_ID": "578511601684153561",
    "Category": "ทับทิมทองทรงเครื่อง 5 รส  5.5 KG",
    "Sales": 309.96,
    "Date": "2025-04-20",
    "Platform": "TikTok"
  },
  {
    "Order_ID": "578511401342436369",
    "Category": "ขนมขาไก่รสดั้งเดิม  5 KG",
    "Sales": 344.46,
    "Date": "2025-04-20",
    "Platform": "TikTok"
  },
  {
    "Order_ID": "578511376892265799",
    "Category": "สอดไส้ครีมกลิ่นวานิลลา",
    "Sales": 292.96,
    "Date": "2025-04-20",
    "Platform": "TikTok"
  },
  {
    "Order_ID": "578510929746363618",
    "Category": "ขาไก่ทรงเครื่อง 5 รส  5 KG",
    "Sales": 293.26,
    "Date": "2025-04-20",
    "Platform": "TikTok"
  },
  {
    "Order_ID": "578510855237436516",
    "Category": "ขนมขาไก่รสดั้งเดิม  5 KG",
    "Sales": 295.3,
    "Date": "2025-04-20",
    "Platform": "TikTok"
  },
  {
    "Order_ID": "578510611382634126",
    "Category": "ขนมขาไก่รสดั้งเดิม  5 KG",
    "Sales": 294.15,
    "Date": "2025-04-20",
    "Platform": "TikTok"
  },
  {
    "Order_ID": "578510227710510203",
    "Category": "ขนมขาไก่รสดั้งเดิม  5 KG",
    "Sales": 294.15,
    "Date": "2025-04-20",
    "Platform": "TikTok"
  },
  {
    "Order_ID": "578509954025424197",
    "Category": "ขาไก่ทรงเครื่อง 5 รส  5 KG",
    "Sales": 292.96,
    "Date": "2025-04-20",
    "Platform": "TikTok"
  },
  {
    "Order_ID": "578509691917207159",
    "Category": "ทับทิมทองทรงเครื่อง 5 รส  5.5 KG",
    "Sales": 309.84,
    "Date": "2025-04-20",
    "Platform": "TikTok"
  },
  {
    "Order_ID": "578509623793059385",
    "Category": "ทับทิมทองทรงเครื่อง 5 รส  5.5 KG",
    "Sales": 309.15,
    "Date": "2025-04-20",
    "Platform": "TikTok"
  },
  {
    "Order_ID": "578509439875712050",
    "Category": "สอดไส้ครีมกลิ่นวานิลลา",
    "Sales": 308.7,
    "Date": "2025-04-20",
    "Platform": "TikTok"
  },
  {
    "Order_ID": "578507500025710222",
    "Category": "ขนมขาไก่รสดั้งเดิม  5 KG",
    "Sales": 293.56,
    "Date": "2025-04-19",
    "Platform": "TikTok"
  },
  {
    "Order_ID": "578507425291666498",
    "Category": "ขาไก่ทรงเครื่อง 5 รส  5 KG",
    "Sales": 584.85,
    "Date": "2025-04-19",
    "Platform": "TikTok"
  },
  {
    "Order_ID": "578507425291666498",
    "Category": "ขนมปังกรอบสอดไส้แยมสับปะรด 5 KG",
    "Sales": 0.0,
    "Date": "2025-04-19",
    "Platform": "TikTok"
  },
  {
    "Order_ID": "578506679939991186",
    "Category": "ขาไก่ทรงเครื่อง 5 รส  5 KG",
    "Sales": 295.62,
    "Date": "2025-04-19",
    "Platform": "TikTok"
  },
  {
    "Order_ID": "578506490546390717",
    "Category": "ขาไก่ทรงเครื่อง 5 รส  5 KG",
    "Sales": 295.62,
    "Date": "2025-04-19",
    "Platform": "TikTok"
  },
  {
    "Order_ID": "578505987230369612",
    "Category": "คุกกี้ก้นหอยสอดไส้ครีมกลิ่นทุเรียน 5 KG",
    "Sales": 324.81,
    "Date": "2025-04-19",
    "Platform": "TikTok"
  },
  {
    "Order_ID": "578505643216242620",
    "Category": "ขนมขาไก่รสดั้งเดิม  5 KG",
    "Sales": 292.42,
    "Date": "2025-04-19",
    "Platform": "TikTok"
  },
  {
    "Order_ID": "578505204098303680",
    "Category": "ทับทิมทองทรงเครื่อง 5 รส  5.5 KG",
    "Sales": 294.85,
    "Date": "2025-04-19",
    "Platform": "TikTok"
  },
  {
    "Order_ID": "578504981473298228",
    "Category": "ขาไก่ทรงเครื่อง 5 รส  5 KG",
    "Sales": 295.3,
    "Date": "2025-04-19",
    "Platform": "TikTok"
  },
  {
    "Order_ID": "578504923708557140",
    "Category": "ขาไก่ทรงเครื่อง 5 รส  5 KG",
    "Sales": 295.3,
    "Date": "2025-04-19",
    "Platform": "TikTok"
  },
  {
    "Order_ID": "578504558225033075",
    "Category": "ขาไก่ทรงเครื่อง 5 รส  5 KG",
    "Sales": 293.56,
    "Date": "2025-04-19",
    "Platform": "TikTok"
  },
  {
    "Order_ID": "578504448524387497",
    "Category": "แดกู ข้าวเกรียบกุ้งรสฮอตโทเมโท 75 G",
    "Sales": 132.71,
    "Date": "2025-04-19",
    "Platform": "TikTok"
  },
  {
    "Order_ID": "578504448524387497",
    "Category": "หมึกเผ็ดหวาน+กุ้งหมึกย่าง 400 กรัม",
    "Sales": 0.0,
    "Date": "2025-04-19",
    "Platform": "TikTok"
  },
  {
    "Order_ID": "578504359900645092",
    "Category": "ทับทิมทองทรงเครื่อง 5 รส  5.5 KG",
    "Sales": 294.15,
    "Date": "2025-04-19",
    "Platform": "TikTok"
  },
  {
    "Order_ID": "578504293066114497",
    "Category": "ขาไก่ทรงเครื่อง 5 รส  5 KG",
    "Sales": 293.56,
    "Date": "2025-04-19",
    "Platform": "TikTok"
  },
  {
    "Order_ID": "578504150300001853",
    "Category": "ขนมปังกรอบสอดไส้แยมสับปะรด 5 KG",
    "Sales": 294.15,
    "Date": "2025-04-19",
    "Platform": "TikTok"
  },
  {
    "Order_ID": "578503619813607074",
    "Category": "ขนมปังกรอบสอดไส้แยมสับปะรด 5 KG",
    "Sales": 309.44,
    "Date": "2025-04-19",
    "Platform": "TikTok"
  },
  {
    "Order_ID": "578502095239546560",
    "Category": "ขนมปังกรอบสอดไส้แยมสับปะรด 5 KG",
    "Sales": 293.26,
    "Date": "2025-04-19",
    "Platform": "TikTok"
  },
  {
    "Order_ID": "578501866797237296",
    "Category": "ทับทิมทองทรงเครื่อง 5 รส  5.5 KG",
    "Sales": 293.56,
    "Date": "2025-04-19",
    "Platform": "TikTok"
  },
  {
    "Order_ID": "578501829782832392",
    "Category": "ทับทิมทองทรงเครื่อง 5 รส  5.5 KG",
    "Sales": 294.15,
    "Date": "2025-04-19",
    "Platform": "TikTok"
  },
  {
    "Order_ID": "578501807736260375",
    "Category": "เผ็ดหวาน 105 กรัม",
    "Sales": 232.45,
    "Date": "2025-04-19",
    "Platform": "TikTok"
  },
  {
    "Order_ID": "578501807736260375",
    "Category": "ข้าวเกรียบหมึกรสซอลโชยุ 105 G",
    "Sales": 0.0,
    "Date": "2025-04-19",
    "Platform": "TikTok"
  },
  {
    "Order_ID": "578501766643811353",
    "Category": "คุกกี้ก้นหอยสอดไส้ครีมกลิ่นทุเรียน 5 KG",
    "Sales": 293.7,
    "Date": "2025-04-19",
    "Platform": "TikTok"
  },
  {
    "Order_ID": "578501633144883011",
    "Category": "ขนมปังกรอบสอดไส้แยมสับปะรด 5 KG",
    "Sales": 292.67,
    "Date": "2025-04-19",
    "Platform": "TikTok"
  },
  {
    "Order_ID": "578501515523556861",
    "Category": "ทับทิมทองทรงเครื่อง 5 รส  5.5 KG",
    "Sales": 0.0,
    "Date": "2025-04-19",
    "Platform": "TikTok"
  },
  {
    "Order_ID": "578501511272498936",
    "Category": "ขนมปังกรอบสอดไส้แยมสับปะรด 5 KG",
    "Sales": 295.62,
    "Date": "2025-04-19",
    "Platform": "TikTok"
  },
  {
    "Order_ID": "578501451032528289",
    "Category": "สอดไส้ครีมกลิ่นวานิลลา",
    "Sales": 328.45,
    "Date": "2025-04-19",
    "Platform": "TikTok"
  },
  {
    "Order_ID": "578501119376000602",
    "Category": "ขนมปังกรอบสอดไส้แยมสับปะรด 5 KG",
    "Sales": 310.88,
    "Date": "2025-04-19",
    "Platform": "TikTok"
  },
  {
    "Order_ID": "578500919769728687",
    "Category": "ขาไก่ทรงเครื่อง 5 รส  5 KG",
    "Sales": 619.27,
    "Date": "2025-04-19",
    "Platform": "TikTok"
  },
  {
    "Order_ID": "578500919769728687",
    "Category": "ขนมปังกรอบสอดไส้แยมสับปะรด 5 KG",
    "Sales": 0.0,
    "Date": "2025-04-19",
    "Platform": "TikTok"
  },
  {
    "Order_ID": "578500370653415166",
    "Category": "ขนมขาไก่รสดั้งเดิม  5 KG",
    "Sales": 293.56,
    "Date": "2025-04-19",
    "Platform": "TikTok"
  },
  {
    "Order_ID": "578500248191272075",
    "Category": "ขนมปังกรอบสอดไส้แยมสับปะรด 5 KG",
    "Sales": 292.96,
    "Date": "2025-04-19",
    "Platform": "TikTok"
  },
  {
    "Order_ID": "578500092456699648",
    "Category": "ขนมปังกรอบสอดไส้แยมสับปะรด 5 KG",
    "Sales": 293.26,
    "Date": "2025-04-19",
    "Platform": "TikTok"
  },
  {
    "Order_ID": "578499921055745585",
    "Category": "ขนมปังกรอบรสงา 5 KG",
    "Sales": 295.3,
    "Date": "2025-04-19",
    "Platform": "TikTok"
  },
  {
    "Order_ID": "578499448794482077",
    "Category": "สอดไส้ครีมกลิ่นวานิลลา",
    "Sales": 293.56,
    "Date": "2025-04-19",
    "Platform": "TikTok"
  },
  {
    "Order_ID": "578499268196796407",
    "Category": "ขนมปังกรอบสอดไส้แยมสับปะรด 5 KG",
    "Sales": 310.08,
    "Date": "2025-04-19",
    "Platform": "TikTok"
  },
  {
    "Order_ID": "578498542498711078",
    "Category": "ขนมปังกรอบสอดไส้แยมสับปะรด 5 KG",
    "Sales": 291.19,
    "Date": "2025-04-19",
    "Platform": "TikTok"
  },
  {
    "Order_ID": "578498102907143806",
    "Category": "ขาไก่ทรงเครื่อง 5 รส  5 KG",
    "Sales": 291.19,
    "Date": "2025-04-19",
    "Platform": "TikTok"
  },
  {
    "Order_ID": "578497936890103382",
    "Category": "หมึกเผ็ดหวาน+กุ้งหมึกย่าง 400 กรัม",
    "Sales": 185.95,
    "Date": "2025-04-19",
    "Platform": "TikTok"
  },
  {
    "Order_ID": "578497457050584401",
    "Category": "ทับทิมทองทรงเครื่อง 5 รส  5.5 KG",
    "Sales": 558.31,
    "Date": "2025-04-19",
    "Platform": "TikTok"
  },
  {
    "Order_ID": "578497457050584401",
    "Category": "ขาไก่ทรงเครื่อง 5 รส  5 KG",
    "Sales": 0.0,
    "Date": "2025-04-19",
    "Platform": "TikTok"
  },
  {
    "Order_ID": "578496427232364531",
    "Category": "สอดไส้ครีมกลิ่นวานิลลา",
    "Sales": 294.15,
    "Date": "2025-04-18",
    "Platform": "TikTok"
  },
  {
    "Order_ID": "578496244332069999",
    "Category": "ขนมปังกรอบสอดไส้แยมสับปะรด 5 KG",
    "Sales": 309.96,
    "Date": "2025-04-18",
    "Platform": "TikTok"
  },
  {
    "Order_ID": "578496011387110547",
    "Category": "ขนมขาไก่รสดั้งเดิม  5 KG",
    "Sales": 587.31,
    "Date": "2025-04-18",
    "Platform": "TikTok"
  },
  {
    "Order_ID": "578496011387110547",
    "Category": "ขาไก่ทรงเครื่อง 5 รส  5 KG",
    "Sales": 0.0,
    "Date": "2025-04-18",
    "Platform": "TikTok"
  },
  {
    "Order_ID": "578495827992872653",
    "Category": "ขนมปังกรอบรสงา 5 KG",
    "Sales": 310.08,
    "Date": "2025-04-18",
    "Platform": "TikTok"
  },
  {
    "Order_ID": "578495462052561973",
    "Category": "ขนมปังกรอบสอดไส้แยมสับปะรด 5 KG",
    "Sales": 295.62,
    "Date": "2025-04-18",
    "Platform": "TikTok"
  },
  {
    "Order_ID": "578495211906893362",
    "Category": "ขนมปังกรอบรสมะพร้าว 5 KG",
    "Sales": 293.56,
    "Date": "2025-04-18",
    "Platform": "TikTok"
  },
  {
    "Order_ID": "578495116151457117",
    "Category": "ขนมปังกรอบสอดไส้แยมสับปะรด 5 KG",
    "Sales": 295.62,
    "Date": "2025-04-18",
    "Platform": "TikTok"
  },
  {
    "Order_ID": "578494794983638240",
    "Category": "ขนมปังกรอบสอดไส้แยมสับปะรด 5 KG",
    "Sales": 323.54,
    "Date": "2025-04-18",
    "Platform": "TikTok"
  },
  {
    "Order_ID": "578494750247257312",
    "Category": "ขาไก่ทรงเครื่อง 5 รส  5 KG",
    "Sales": 291.19,
    "Date": "2025-04-18",
    "Platform": "TikTok"
  },
  {
    "Order_ID": "578494499895477631",
    "Category": "ขนมปังกรอบสอดไส้แยมสับปะรด 5 KG",
    "Sales": 291.19,
    "Date": "2025-04-18",
    "Platform": "TikTok"
  },
  {
    "Order_ID": "578494405556930126",
    "Category": "ขนมปังกรอบสอดไส้แยมสับปะรด 5 KG",
    "Sales": 308.7,
    "Date": "2025-04-18",
    "Platform": "TikTok"
  },
  {
    "Order_ID": "578494387945964904",
    "Category": "ขนมปังกรอบรสงา 5 KG",
    "Sales": 309.15,
    "Date": "2025-04-18",
    "Platform": "TikTok"
  },
  {
    "Order_ID": "578494013617178216",
    "Category": "ขนมปังกรอบสอดไส้แยมสับปะรด 5 KG",
    "Sales": 292.42,
    "Date": "2025-04-18",
    "Platform": "TikTok"
  },
  {
    "Order_ID": "578493163239671624",
    "Category": "ขนมปังกรอบสอดไส้แยมสับปะรด 5 KG",
    "Sales": 309.15,
    "Date": "2025-04-18",
    "Platform": "TikTok"
  },
  {
    "Order_ID": "578493031652361270",
    "Category": "ขนมขาไก่รสดั้งเดิม  5 KG",
    "Sales": 291.19,
    "Date": "2025-04-18",
    "Platform": "TikTok"
  },
  {
    "Order_ID": "578492445975480318",
    "Category": "หมึกเผ็ดหวาน+กุ้งหมึกย่าง 400 กรัม",
    "Sales": 80.12,
    "Date": "2025-04-18",
    "Platform": "TikTok"
  },
  {
    "Order_ID": "578491785529296045",
    "Category": "ขาไก่ทรงเครื่อง 5 รส  5 KG",
    "Sales": 293.11,
    "Date": "2025-04-18",
    "Platform": "TikTok"
  },
  {
    "Order_ID": "578491677175809041",
    "Category": "ขนมขาไก่รสดั้งเดิม  5 KG",
    "Sales": 310.08,
    "Date": "2025-04-18",
    "Platform": "TikTok"
  },
  {
    "Order_ID": "578491676460549339",
    "Category": "ขนมปังกรอบสอดไส้แยมสับปะรด 5 KG",
    "Sales": 293.16,
    "Date": "2025-04-18",
    "Platform": "TikTok"
  },
  {
    "Order_ID": "578491636432340282",
    "Category": "หมึกย่าง 105 กรัม",
    "Sales": 185.95,
    "Date": "2025-04-18",
    "Platform": "TikTok"
  },
  {
    "Order_ID": "578491459463840787",
    "Category": "สอดไส้ครีมกลิ่นวานิลลา",
    "Sales": 928.72,
    "Date": "2025-04-18",
    "Platform": "TikTok"
  },
  {
    "Order_ID": "578491459463840787",
    "Category": "ทับทิมทองทรงเครื่อง 5 รส  5.5 KG",
    "Sales": 0.0,
    "Date": "2025-04-18",
    "Platform": "TikTok"
  },
  {
    "Order_ID": "578491459463840787",
    "Category": "สอดไส้ครีมกลิ่นวานิลลา",
    "Sales": 0.0,
    "Date": "2025-04-18",
    "Platform": "TikTok"
  },
  {
    "Order_ID": "578489648223127033",
    "Category": "สอดไส้ครีมกลิ่นวานิลลา",
    "Sales": 292.96,
    "Date": "2025-04-18",
    "Platform": "TikTok"
  },
  {
    "Order_ID": "578489558657893482",
    "Category": "ขนมขาไก่รสดั้งเดิม  5 KG",
    "Sales": 344.39,
    "Date": "2025-04-18",
    "Platform": "TikTok"
  },
  {
    "Order_ID": "578489407315149930",
    "Category": "ขนมปังกรอบสอดไส้แยมสับปะรด 5 KG",
    "Sales": 309.15,
    "Date": "2025-04-18",
    "Platform": "TikTok"
  },
  {
    "Order_ID": "578488651030496865",
    "Category": "สอดไส้ครีมกลิ่นวานิลลา",
    "Sales": 309.73,
    "Date": "2025-04-18",
    "Platform": "TikTok"
  },
  {
    "Order_ID": "578487554091419422",
    "Category": "คุกกี้ก้นหอยสอดไส้ครีมกลิ่นใบเตย 5 KG",
    "Sales": 294.15,
    "Date": "2025-04-18",
    "Platform": "TikTok"
  },
  {
    "Order_ID": "578486994121230222",
    "Category": "ขนมปังกรอบเค็มรูปเอบีซี 4 KG",
    "Sales": 280.13,
    "Date": "2025-04-18",
    "Platform": "TikTok"
  },
  {
    "Order_ID": "578486844176827752",
    "Category": "คุกกี้ก้นหอยสอดไส้ครีมกลิ่นใบเตย 5 KG",
    "Sales": 309.51,
    "Date": "2025-04-18",
    "Platform": "TikTok"
  },
  {
    "Order_ID": "578486386825136076",
    "Category": "สอดไส้ครีมกลิ่นวานิลลา",
    "Sales": 972.71,
    "Date": "2025-04-18",
    "Platform": "TikTok"
  },
  {
    "Order_ID": "578486386825136076",
    "Category": "คุกกี้แซนวิสสอดไส้ครีมกลิ่นช็อกโกแลต 5 KG",
    "Sales": 0.0,
    "Date": "2025-04-18",
    "Platform": "TikTok"
  },
  {
    "Order_ID": "578486386825136076",
    "Category": "คุกกี้ก้นหอยสอดไส้ครีมกลิ่นทุเรียน 5 KG",
    "Sales": 0.0,
    "Date": "2025-04-18",
    "Platform": "TikTok"
  },
  {
    "Order_ID": "578484648010090067",
    "Category": "คุกกี้แซนวิสสอดไส้ครีมกลิ่นช็อกโกแลต 5 KG",
    "Sales": 619.27,
    "Date": "2025-04-17",
    "Platform": "TikTok"
  },
  {
    "Order_ID": "578484648010090067",
    "Category": "ขนมปังกรอบสอดไส้แยมสับปะรด 5 KG",
    "Sales": 0.0,
    "Date": "2025-04-17",
    "Platform": "TikTok"
  },
  {
    "Order_ID": "578484209665476404",
    "Category": "ทับทิมทองทรงเครื่อง 5 รส  5.5 KG",
    "Sales": 293.56,
    "Date": "2025-04-17",
    "Platform": "TikTok"
  },
  {
    "Order_ID": "578483949805470826",
    "Category": "คุกกี้ก้นหอยสอดไส้ครีมกลิ่นใบเตย 5 KG",
    "Sales": 309.84,
    "Date": "2025-04-17",
    "Platform": "TikTok"
  },
  {
    "Order_ID": "578483795503908060",
    "Category": "ขาไก่ทรงเครื่อง 5 รส  5 KG",
    "Sales": 293.56,
    "Date": "2025-04-17",
    "Platform": "TikTok"
  },
  {
    "Order_ID": "578483496708310072",
    "Category": "ขนมขาไก่รสดั้งเดิม  5 KG",
    "Sales": 295.17,
    "Date": "2025-04-17",
    "Platform": "TikTok"
  },
  {
    "Order_ID": "578483331385099273",
    "Category": "ขาไก่ทรงเครื่อง 5 รส  5 KG",
    "Sales": 310.08,
    "Date": "2025-04-17",
    "Platform": "TikTok"
  },
  {
    "Order_ID": "578483124311196839",
    "Category": "ขนมปังกรอบสอดไส้แยมสับปะรด 5 KG",
    "Sales": 295.62,
    "Date": "2025-04-17",
    "Platform": "TikTok"
  },
  {
    "Order_ID": "578482677251671336",
    "Category": "ขาไก่ทรงเครื่อง 5 รส  5 KG",
    "Sales": 291.19,
    "Date": "2025-04-17",
    "Platform": "TikTok"
  },
  {
    "Order_ID": "578482660332176805",
    "Category": "ขนมปังกรอบสอดไส้แยมสับปะรด 5 KG",
    "Sales": 291.19,
    "Date": "2025-04-17",
    "Platform": "TikTok"
  },
  {
    "Order_ID": "578482085737170449",
    "Category": "ทับทิมทองทรงเครื่อง 5 รส  5.5 KG",
    "Sales": 927.44,
    "Date": "2025-04-17",
    "Platform": "TikTok"
  },
  {
    "Order_ID": "578481606086002608",
    "Category": "เผ็ดหวาน 105 กรัม",
    "Sales": 185.95,
    "Date": "2025-04-17",
    "Platform": "TikTok"
  },
  {
    "Order_ID": "578481319782155975",
    "Category": "สอดไส้ครีมกลิ่นวานิลลา",
    "Sales": 309.63,
    "Date": "2025-04-17",
    "Platform": "TikTok"
  },
  {
    "Order_ID": "578481247955486119",
    "Category": "คุกกี้ก้นหอยสอดไส้ครีมกลิ่นทุเรียน 5 KG",
    "Sales": 291.19,
    "Date": "2025-04-17",
    "Platform": "TikTok"
  },
  {
    "Order_ID": "578481162517776059",
    "Category": "ขาไก่ทรงเครื่อง 5 รส  5 KG",
    "Sales": 291.19,
    "Date": "2025-04-17",
    "Platform": "TikTok"
  },
  {
    "Order_ID": "578480787443385646",
    "Category": "ขนมขาไก่รสดั้งเดิม  5 KG",
    "Sales": 273.15,
    "Date": "2025-04-17",
    "Platform": "TikTok"
  },
  {
    "Order_ID": "578480404087277088",
    "Category": "คุกกี้ก้นหอยสอดไส้ครีมกลิ่นกาแฟ 5 KG",
    "Sales": 309.15,
    "Date": "2025-04-17",
    "Platform": "TikTok"
  },
  {
    "Order_ID": "578480117615986440",
    "Category": "เผ็ดหวาน 105 กรัม",
    "Sales": 92.17,
    "Date": "2025-04-17",
    "Platform": "TikTok"
  },
  {
    "Order_ID": "578480117615986440",
    "Category": "หมึกย่าง 105 กรัม",
    "Sales": 0.0,
    "Date": "2025-04-17",
    "Platform": "TikTok"
  },
  {
    "Order_ID": "578479841397408774",
    "Category": "ขาไก่ทรงเครื่อง 5 รส  5 KG",
    "Sales": 291.19,
    "Date": "2025-04-17",
    "Platform": "TikTok"
  },
  {
    "Order_ID": "578478991572633068",
    "Category": "ขาไก่ทรงเครื่อง 5 รส  5 KG",
    "Sales": 293.56,
    "Date": "2025-04-17",
    "Platform": "TikTok"
  },
  {
    "Order_ID": "580190393900369952",
    "Category": "ข้าวเกรียบหมึกรสซอลโชยุ 105 G",
    "Sales": 139.46,
    "Date": "2025-04-17",
    "Platform": "TikTok"
  },
  {
    "Order_ID": "580190393900369952",
    "Category": "เผ็ดหวาน 105 กรัม",
    "Sales": 0.0,
    "Date": "2025-04-17",
    "Platform": "TikTok"
  },
  {
    "Order_ID": "580190393900369952",
    "Category": "หมึกย่าง 105 กรัม",
    "Sales": 0.0,
    "Date": "2025-04-17",
    "Platform": "TikTok"
  },
  {
    "Order_ID": "580190386929372061",
    "Category": "คุกกี้ก้นหอยสอดไส้ครีมกลิ่นทุเรียน 5 KG",
    "Sales": 323.09,
    "Date": "2025-04-17",
    "Platform": "TikTok"
  },
  {
    "Order_ID": "580190364950956245",
    "Category": "ขนมปังกรอบสอดไส้แยมสับปะรด 5 KG",
    "Sales": 325.84,
    "Date": "2025-04-17",
    "Platform": "TikTok"
  },
  {
    "Order_ID": "580190334621748125",
    "Category": "ขนมปังกรอบรสมะพร้าว 5 KG",
    "Sales": 326.81,
    "Date": "2025-04-17",
    "Platform": "TikTok"
  },
  {
    "Order_ID": "580190331454589853",
    "Category": "ขนมปังกรอบรสงา 5 KG",
    "Sales": 291.19,
    "Date": "2025-04-17",
    "Platform": "TikTok"
  },
  {
    "Order_ID": "580190328097573685",
    "Category": "สอดไส้ครีมกลิ่นวานิลลา",
    "Sales": 294.15,
    "Date": "2025-04-17",
    "Platform": "TikTok"
  },
  {
    "Order_ID": "580190189578389960",
    "Category": "สอดไส้ครีมกลิ่นวานิลลา",
    "Sales": 293.11,
    "Date": "2025-04-17",
    "Platform": "TikTok"
  },
  {
    "Order_ID": "580190046264461616",
    "Category": "สอดไส้ครีมกลิ่นวานิลลา",
    "Sales": 295.3,
    "Date": "2025-04-17",
    "Platform": "TikTok"
  },
  {
    "Order_ID": "580190040174528663",
    "Category": "สอดไส้ครีมกลิ่นวานิลลา",
    "Sales": 309.96,
    "Date": "2025-04-17",
    "Platform": "TikTok"
  },
  {
    "Order_ID": "580189987621669358",
    "Category": "หมึกเผ็ดหวาน+กุ้งหมึกย่าง 400 กรัม",
    "Sales": 92.36,
    "Date": "2025-04-17",
    "Platform": "TikTok"
  },
  {
    "Order_ID": "580189930215738053",
    "Category": "ขนมปังกรอบสอดไส้แยมสับปะรด 5 KG",
    "Sales": 293.11,
    "Date": "2025-04-17",
    "Platform": "TikTok"
  },
  {
    "Order_ID": "580189930470476643",
    "Category": "ทับทิมทองทรงเครื่อง 5 รส  5.5 KG",
    "Sales": 1465.05,
    "Date": "2025-04-17",
    "Platform": "TikTok"
  },
  {
    "Order_ID": "580189930470476643",
    "Category": "ขาไก่ทรงเครื่อง 5 รส  5 KG",
    "Sales": 0.0,
    "Date": "2025-04-17",
    "Platform": "TikTok"
  },
  {
    "Order_ID": "580189724137130727",
    "Category": "ทับทิมทองทรงเครื่อง 5 รส  5.5 KG",
    "Sales": 309.15,
    "Date": "2025-04-17",
    "Platform": "TikTok"
  },
  {
    "Order_ID": "580189694639770415",
    "Category": "หมึกย่าง 105 กรัม",
    "Sales": 45.04,
    "Date": "2025-04-17",
    "Platform": "TikTok"
  },
  {
    "Order_ID": "580189661980428371",
    "Category": "ทับทิมทองทรงเครื่อง 5 รส  5.5 KG",
    "Sales": 309.15,
    "Date": "2025-04-17",
    "Platform": "TikTok"
  },
  {
    "Order_ID": "580189489761323583",
    "Category": "โฟกัส ข้าวโพดอบกรอบ รสคาราเมล  75 G",
    "Sales": 139.46,
    "Date": "2025-04-16",
    "Platform": "TikTok"
  },
  {
    "Order_ID": "580189476615392097",
    "Category": "ขนมปังกรอบสอดไส้แยมสับปะรด 5 KG",
    "Sales": 291.19,
    "Date": "2025-04-16",
    "Platform": "TikTok"
  },
  {
    "Order_ID": "580189452102700028",
    "Category": "ขนมปังกรอบสอดไส้แยมสับปะรด 5 KG",
    "Sales": 291.19,
    "Date": "2025-04-16",
    "Platform": "TikTok"
  },
  {
    "Order_ID": "580189310833821826",
    "Category": "ขนมปังกรอบสอดไส้แยมสับปะรด 5 KG",
    "Sales": 309.15,
    "Date": "2025-04-16",
    "Platform": "TikTok"
  },
  {
    "Order_ID": "580189291499129004",
    "Category": "คุกกี้ก้นหอยสอดไส้ครีมกลิ่นกาแฟ 5 KG",
    "Sales": 582.39,
    "Date": "2025-04-16",
    "Platform": "TikTok"
  },
  {
    "Order_ID": "580189291499129004",
    "Category": "ขนมปังกรอบสอดไส้แยมสับปะรด 5 KG",
    "Sales": 0.0,
    "Date": "2025-04-16",
    "Platform": "TikTok"
  },
  {
    "Order_ID": "580189226978936885",
    "Category": "ขาไก่ทรงเครื่อง 5 รส  5 KG",
    "Sales": 290.74,
    "Date": "2025-04-16",
    "Platform": "TikTok"
  },
  {
    "Order_ID": "580189215212997429",
    "Category": "ขนมขาไก่รสดั้งเดิม  5 KG",
    "Sales": 323.54,
    "Date": "2025-04-16",
    "Platform": "TikTok"
  },
  {
    "Order_ID": "580189082454231605",
    "Category": "ขนมปังกรอบสอดไส้แยมสับปะรด 5 KG",
    "Sales": 291.19,
    "Date": "2025-04-16",
    "Platform": "TikTok"
  },
  {
    "Order_ID": "580188951461792381",
    "Category": "ขาไก่ทรงเครื่อง 5 รส  5 KG",
    "Sales": 305.97,
    "Date": "2025-04-16",
    "Platform": "TikTok"
  },
  {
    "Order_ID": "580188934668979178",
    "Category": "ทับทิมทองทรงเครื่อง 5 รส  5.5 KG",
    "Sales": 309.15,
    "Date": "2025-04-16",
    "Platform": "TikTok"
  },
  {
    "Order_ID": "580188857233410843",
    "Category": "ทับทิมทองทรงเครื่อง 5 รส  5.5 KG",
    "Sales": 582.39,
    "Date": "2025-04-16",
    "Platform": "TikTok"
  },
  {
    "Order_ID": "580188857233410843",
    "Category": "ขนมปังกรอบสอดไส้แยมสับปะรด 5 KG",
    "Sales": 0.0,
    "Date": "2025-04-16",
    "Platform": "TikTok"
  },
  {
    "Order_ID": "580188723078531565",
    "Category": "ขนมขาไก่รสดั้งเดิม  5 KG",
    "Sales": 618.31,
    "Date": "2025-04-16",
    "Platform": "TikTok"
  },
  {
    "Order_ID": "580188723078531565",
    "Category": "ขนมปังกรอบสอดไส้แยมสับปะรด 5 KG",
    "Sales": 0.0,
    "Date": "2025-04-16",
    "Platform": "TikTok"
  },
  {
    "Order_ID": "580188480603458186",
    "Category": "ขนมปังกรอบสอดไส้แยมสับปะรด 5 KG",
    "Sales": 873.56,
    "Date": "2025-04-16",
    "Platform": "TikTok"
  },
  {
    "Order_ID": "580188346584762624",
    "Category": "ขนมปังกรอบสอดไส้แยมสับปะรด 5 KG",
    "Sales": 309.15,
    "Date": "2025-04-16",
    "Platform": "TikTok"
  },
  {
    "Order_ID": "580188265381726788",
    "Category": "สอดไส้ครีมกลิ่นวานิลลา",
    "Sales": 291.19,
    "Date": "2025-04-16",
    "Platform": "TikTok"
  },
  {
    "Order_ID": "580188228906814112",
    "Category": "ขาไก่ทรงเครื่อง 5 รส  5 KG",
    "Sales": 291.19,
    "Date": "2025-04-16",
    "Platform": "TikTok"
  },
  {
    "Order_ID": "580188139359996052",
    "Category": "ขาไก่ทรงเครื่อง 5 รส  5 KG",
    "Sales": 291.19,
    "Date": "2025-04-16",
    "Platform": "TikTok"
  },
  {
    "Order_ID": "580180861808642828",
    "Category": "สอดไส้ครีมกลิ่นวานิลลา",
    "Sales": 309.15,
    "Date": "2025-04-11",
    "Platform": "TikTok"
  },
  {
    "Order_ID": "580180775604685463",
    "Category": "ทับทิมทองทรงเครื่อง 5 รส  5.5 KG",
    "Sales": 309.15,
    "Date": "2025-04-11",
    "Platform": "TikTok"
  },
  {
    "Order_ID": "580180698223511752",
    "Category": "เผ็ดหวาน 105 กรัม",
    "Sales": 139.46,
    "Date": "2025-04-11",
    "Platform": "TikTok"
  },
  {
    "Order_ID": "580180698223511752",
    "Category": "หมึกย่าง 105 กรัม",
    "Sales": 0.0,
    "Date": "2025-04-11",
    "Platform": "TikTok"
  },
  {
    "Order_ID": "580180698223511752",
    "Category": "ข้าวเกรียบหมึกรสซอลโชยุ 105 G",
    "Sales": 0.0,
    "Date": "2025-04-11",
    "Platform": "TikTok"
  },
  {
    "Order_ID": "580180526520961868",
    "Category": "ข้าวเกรียบหมึกรสซอลโชยุ 105 G",
    "Sales": 45.56,
    "Date": "2025-04-11",
    "Platform": "TikTok"
  },
  {
    "Order_ID": "580180301808175786",
    "Category": "ขนมขาไก่รสดั้งเดิม  5 KG",
    "Sales": 309.15,
    "Date": "2025-04-10",
    "Platform": "TikTok"
  },
  {
    "Order_ID": "580179938176764079",
    "Category": "ขนมปังกรอบสอดไส้แยมสับปะรด 5 KG",
    "Sales": 309.15,
    "Date": "2025-04-10",
    "Platform": "TikTok"
  },
  {
    "Order_ID": "580179832430758615",
    "Category": "ขาไก่ทรงเครื่อง 5 รส  5 KG",
    "Sales": 291.19,
    "Date": "2025-04-10",
    "Platform": "TikTok"
  },
  {
    "Order_ID": "580179828501612942",
    "Category": "ขนมขาไก่รสดั้งเดิม  5 KG",
    "Sales": 291.19,
    "Date": "2025-04-10",
    "Platform": "TikTok"
  },
  {
    "Order_ID": "580179827197315652",
    "Category": "ขนมขาไก่รสดั้งเดิม  5 KG",
    "Sales": 291.19,
    "Date": "2025-04-10",
    "Platform": "TikTok"
  },
  {
    "Order_ID": "580179648574031969",
    "Category": "ขนมปังกรอบรสงา 5 KG",
    "Sales": 291.19,
    "Date": "2025-04-10",
    "Platform": "TikTok"
  },
  {
    "Order_ID": "580179091002067124",
    "Category": "ขนมขาไก่รสดั้งเดิม  5 KG",
    "Sales": 292.67,
    "Date": "2025-04-10",
    "Platform": "TikTok"
  },
  {
    "Order_ID": "580179071717640755",
    "Category": "คุกกี้ก้นหอยสอดไส้ครีมกลิ่นทุเรียน 5 KG",
    "Sales": 286.89,
    "Date": "2025-04-10",
    "Platform": "TikTok"
  },
  {
    "Order_ID": "580178853777672405",
    "Category": "ขนมขาไก่รสดั้งเดิม  5 KG",
    "Sales": 291.19,
    "Date": "2025-04-10",
    "Platform": "TikTok"
  },
  {
    "Order_ID": "580178641266051202",
    "Category": "ขาไก่ทรงเครื่อง 5 รส  5 KG",
    "Sales": 309.15,
    "Date": "2025-04-10",
    "Platform": "TikTok"
  },
  {
    "Order_ID": "580178283715005125",
    "Category": "ขนมปังกรอบเค็มรูปเอบีซี 4 KG",
    "Sales": 294.42,
    "Date": "2025-04-10",
    "Platform": "TikTok"
  },
  {
    "Order_ID": "580178237275277910",
    "Category": "ทับทิมทองทรงเครื่อง 5 รส  5.5 KG",
    "Sales": 650.39,
    "Date": "2025-04-10",
    "Platform": "TikTok"
  },
  {
    "Order_ID": "580178237275277910",
    "Category": "ขาไก่ทรงเครื่อง 5 รส  5 KG",
    "Sales": 0.0,
    "Date": "2025-04-10",
    "Platform": "TikTok"
  },
  {
    "Order_ID": "580178227323374389",
    "Category": "ขนมปังกรอบสอดไส้แยมสับปะรด 5 KG",
    "Sales": 291.19,
    "Date": "2025-04-10",
    "Platform": "TikTok"
  },
  {
    "Order_ID": "580177457815521421",
    "Category": "คุกกี้ก้นหอยสอดไส้ครีมกลิ่นทุเรียน 5 KG",
    "Sales": 291.19,
    "Date": "2025-04-09",
    "Platform": "TikTok"
  },
  {
    "Order_ID": "580177207574366215",
    "Category": "ขนมขาไก่รสดั้งเดิม  5 KG",
    "Sales": 291.19,
    "Date": "2025-04-09",
    "Platform": "TikTok"
  },
  {
    "Order_ID": "580176998072224681",
    "Category": "ขนมปังกรอบสอดไส้แยมสับปะรด 5 KG",
    "Sales": 291.19,
    "Date": "2025-04-09",
    "Platform": "TikTok"
  },
  {
    "Order_ID": "580176635389249779",
    "Category": "ขนมปังกรอบสอดไส้แยมสับปะรด 5 KG",
    "Sales": 619.08,
    "Date": "2025-04-09",
    "Platform": "TikTok"
  },
  {
    "Order_ID": "580176457565899403",
    "Category": "คุกกี้ก้นหอยสอดไส้ครีมกลิ่นทุเรียน 5 KG",
    "Sales": 291.19,
    "Date": "2025-04-09",
    "Platform": "TikTok"
  },
  {
    "Order_ID": "580175766562310635",
    "Category": "ขนมปังกรอบสอดไส้แยมสับปะรด 5 KG",
    "Sales": 291.19,
    "Date": "2025-04-09",
    "Platform": "TikTok"
  },
  {
    "Order_ID": "580175050331228511",
    "Category": "ขาไก่ทรงเครื่อง 5 รส  5 KG",
    "Sales": 309.15,
    "Date": "2025-04-09",
    "Platform": "TikTok"
  },
  {
    "Order_ID": "580174903823928139",
    "Category": "คุกกี้ก้นหอยสอดไส้ครีมกลิ่นใบเตย 5 KG",
    "Sales": 309.15,
    "Date": "2025-04-09",
    "Platform": "TikTok"
  },
  {
    "Order_ID": "580174488156145943",
    "Category": "คุกกี้ก้นหอยสอดไส้ครีมกลิ่นใบเตย 5 KG",
    "Sales": 309.15,
    "Date": "2025-04-09",
    "Platform": "TikTok"
  },
  {
    "Order_ID": "580174095540062372",
    "Category": "ขนมปังกรอบสอดไส้แยมสับปะรด 5 KG",
    "Sales": 309.15,
    "Date": "2025-04-08",
    "Platform": "TikTok"
  },
  {
    "Order_ID": "580173724462516610",
    "Category": "ขนมขาไก่รสดั้งเดิม  5 KG",
    "Sales": 291.19,
    "Date": "2025-04-08",
    "Platform": "TikTok"
  },
  {
    "Order_ID": "580173666590231294",
    "Category": "คุกกี้ก้นหอยสอดไส้ครีมกลิ่นทุเรียน 5 KG",
    "Sales": 309.73,
    "Date": "2025-04-08",
    "Platform": "TikTok"
  },
  {
    "Order_ID": "580173647545076112",
    "Category": "คุกกี้ก้นหอยสอดไส้ครีมกลิ่นใบเตย 5 KG",
    "Sales": 291.19,
    "Date": "2025-04-08",
    "Platform": "TikTok"
  },
  {
    "Order_ID": "580173564659403114",
    "Category": "ขาไก่ทรงเครื่อง 5 รส  5 KG",
    "Sales": 291.19,
    "Date": "2025-04-08",
    "Platform": "TikTok"
  },
  {
    "Order_ID": "580173238340848459",
    "Category": "สอดไส้ครีมกลิ่นวานิลลา",
    "Sales": 291.19,
    "Date": "2025-04-08",
    "Platform": "TikTok"
  },
  {
    "Order_ID": "580173061095656007",
    "Category": "คุกกี้ก้นหอยสอดไส้ครีมกลิ่นทุเรียน 5 KG",
    "Sales": 309.15,
    "Date": "2025-04-08",
    "Platform": "TikTok"
  },
  {
    "Order_ID": "580172994334132716",
    "Category": "คุกกี้ก้นหอยสอดไส้ครีมกลิ่นใบเตย 5 KG",
    "Sales": 558.31,
    "Date": "2025-04-08",
    "Platform": "TikTok"
  },
  {
    "Order_ID": "580172994334132716",
    "Category": "คุกกี้ก้นหอยสอดไส้ครีมกลิ่นทุเรียน 5 KG",
    "Sales": 0.0,
    "Date": "2025-04-08",
    "Platform": "TikTok"
  },
  {
    "Order_ID": "580172361137621836",
    "Category": "ขนมขาไก่รสดั้งเดิม  5 KG",
    "Sales": 582.39,
    "Date": "2025-04-08",
    "Platform": "TikTok"
  },
  {
    "Order_ID": "580172361137621836",
    "Category": "ขนมปังกรอบสอดไส้แยมสับปะรด 5 KG",
    "Sales": 0.0,
    "Date": "2025-04-08",
    "Platform": "TikTok"
  },
  {
    "Order_ID": "580172247376431292",
    "Category": "ขนมขาไก่รสดั้งเดิม  5 KG",
    "Sales": 291.19,
    "Date": "2025-04-08",
    "Platform": "TikTok"
  },
  {
    "Order_ID": "580171676984052243",
    "Category": "ขาไก่ทรงเครื่อง 5 รส  5 KG",
    "Sales": 309.41,
    "Date": "2025-04-08",
    "Platform": "TikTok"
  },
  {
    "Order_ID": "580171660829297062",
    "Category": "คุกกี้ก้นหอยสอดไส้ครีมกลิ่นทุเรียน 5 KG",
    "Sales": 286.89,
    "Date": "2025-04-08",
    "Platform": "TikTok"
  },
  {
    "Order_ID": "580171555087289173",
    "Category": "คุกกี้ก้นหอยสอดไส้ครีมกลิ่นทุเรียน 5 KG",
    "Sales": 291.19,
    "Date": "2025-04-08",
    "Platform": "TikTok"
  },
  {
    "Order_ID": "580171416973642662",
    "Category": "คุกกี้ก้นหอยสอดไส้ครีมกลิ่นทุเรียน 5 KG",
    "Sales": 309.15,
    "Date": "2025-04-08",
    "Platform": "TikTok"
  },
  {
    "Order_ID": "580171283859212568",
    "Category": "ขนมปังกรอบรสงา 5 KG",
    "Sales": 309.15,
    "Date": "2025-04-08",
    "Platform": "TikTok"
  },
  {
    "Order_ID": "580171079862750023",
    "Category": "ขนมปังกรอบสอดไส้แยมสับปะรด 5 KG",
    "Sales": 309.63,
    "Date": "2025-04-08",
    "Platform": "TikTok"
  },
  {
    "Order_ID": "580170420249266745",
    "Category": "สอดไส้ครีมกลิ่นวานิลลา",
    "Sales": 291.19,
    "Date": "2025-04-07",
    "Platform": "TikTok"
  },
  {
    "Order_ID": "580170015914887728",
    "Category": "ขนมปังกรอบสอดไส้แยมสับปะรด 5 KG",
    "Sales": 309.15,
    "Date": "2025-04-07",
    "Platform": "TikTok"
  },
  {
    "Order_ID": "580169262167591510",
    "Category": "ทับทิมทองทรงเครื่อง 5 รส  5.5 KG",
    "Sales": 291.19,
    "Date": "2025-04-07",
    "Platform": "TikTok"
  },
  {
    "Order_ID": "580169266593237285",
    "Category": "ขนมปังกรอบสอดไส้แยมสับปะรด 5 KG",
    "Sales": 618.31,
    "Date": "2025-04-07",
    "Platform": "TikTok"
  },
  {
    "Order_ID": "580169266593237285",
    "Category": "คุกกี้ก้นหอยสอดไส้ครีมกลิ่นทุเรียน 5 KG",
    "Sales": 0.0,
    "Date": "2025-04-07",
    "Platform": "TikTok"
  },
  {
    "Order_ID": "580168907935418759",
    "Category": "คุกกี้ก้นหอยสอดไส้ครีมกลิ่นทุเรียน 5 KG",
    "Sales": 309.15,
    "Date": "2025-04-07",
    "Platform": "TikTok"
  },
  {
    "Order_ID": "580168689384196703",
    "Category": "ขาไก่ทรงเครื่อง 5 รส  5 KG",
    "Sales": 291.19,
    "Date": "2025-04-07",
    "Platform": "TikTok"
  },
  {
    "Order_ID": "580168145432120170",
    "Category": "ขนมปังกรอบรสงา 5 KG",
    "Sales": 281.06,
    "Date": "2025-04-07",
    "Platform": "TikTok"
  },
  {
    "Order_ID": "580168011675044479",
    "Category": "คุกกี้ก้นหอยสอดไส้ครีมกลิ่นทุเรียน 5 KG",
    "Sales": 269.29,
    "Date": "2025-04-07",
    "Platform": "TikTok"
  },
  {
    "Order_ID": "580167859040913448",
    "Category": "คุกกี้ก้นหอยสอดไส้ครีมกลิ่นทุเรียน 5 KG",
    "Sales": 269.29,
    "Date": "2025-04-07",
    "Platform": "TikTok"
  },
  {
    "Order_ID": "580167791463074741",
    "Category": "คุกกี้ก้นหอยสอดไส้ครีมกลิ่นใบเตย 5 KG",
    "Sales": 285.9,
    "Date": "2025-04-07",
    "Platform": "TikTok"
  },
  {
    "Order_ID": "580167732597263030",
    "Category": "คุกกี้ก้นหอยสอดไส้ครีมกลิ่นทุเรียน 5 KG",
    "Sales": 269.29,
    "Date": "2025-04-07",
    "Platform": "TikTok"
  },
  {
    "Order_ID": "580167510989834550",
    "Category": "ขนมปังกรอบรสมะพร้าว 5 KG",
    "Sales": 278.94,
    "Date": "2025-04-07",
    "Platform": "TikTok"
  },
  {
    "Order_ID": "580167404822694130",
    "Category": "สอดไส้ครีมกลิ่นวานิลลา",
    "Sales": 422.03,
    "Date": "2025-04-07",
    "Platform": "TikTok"
  },
  {
    "Order_ID": "580167404822694130",
    "Category": "ขนมปังกรอบรสมะพร้าว 5 KG",
    "Sales": 0.0,
    "Date": "2025-04-07",
    "Platform": "TikTok"
  },
  {
    "Order_ID": "580167359724358560",
    "Category": "ขนมปังกรอบรสงา 5 KG",
    "Sales": 262.74,
    "Date": "2025-04-07",
    "Platform": "TikTok"
  },
  {
    "Order_ID": "580167078176524798",
    "Category": "คุกกี้ก้นหอยสอดไส้ครีมกลิ่นกาแฟ 5 KG",
    "Sales": 285.9,
    "Date": "2025-04-07",
    "Platform": "TikTok"
  },
  {
    "Order_ID": "580166325013547094",
    "Category": "ขนมปังกรอบรสงา 5 KG",
    "Sales": 817.38,
    "Date": "2025-04-06",
    "Platform": "TikTok"
  },
  {
    "Order_ID": "580166325013547094",
    "Category": "ทับทิมทองทรงเครื่อง 5 รส  5.5 KG",
    "Sales": 0.0,
    "Date": "2025-04-06",
    "Platform": "TikTok"
  },
  {
    "Order_ID": "580166325013547094",
    "Category": "ขาไก่ทรงเครื่อง 5 รส  5 KG",
    "Sales": 0.0,
    "Date": "2025-04-06",
    "Platform": "TikTok"
  },
  {
    "Order_ID": "580165652903922041",
    "Category": "ขาไก่ทรงเครื่อง 5 รส  5 KG",
    "Sales": 277.32,
    "Date": "2025-04-06",
    "Platform": "TikTok"
  },
  {
    "Order_ID": "580165242649020477",
    "Category": "ทับทิมทองทรงเครื่อง 5 รส  5.5 KG",
    "Sales": 588.86,
    "Date": "2025-04-06",
    "Platform": "TikTok"
  },
  {
    "Order_ID": "580165242649020477",
    "Category": "ขนมขาไก่รสดั้งเดิม  5 KG",
    "Sales": 0.0,
    "Date": "2025-04-06",
    "Platform": "TikTok"
  },
  {
    "Order_ID": "580164994045413991",
    "Category": "คุกกี้ก้นหอยสอดไส้ครีมกลิ่นใบเตย 5 KG",
    "Sales": 866.24,
    "Date": "2025-04-06",
    "Platform": "TikTok"
  },
  {
    "Order_ID": "580164994045413991",
    "Category": "คุกกี้ก้นหอยสอดไส้ครีมกลิ่นทุเรียน 5 KG",
    "Sales": 0.0,
    "Date": "2025-04-06",
    "Platform": "TikTok"
  },
  {
    "Order_ID": "580164994045413991",
    "Category": "ขาไก่ทรงเครื่อง 5 รส  5 KG",
    "Sales": 0.0,
    "Date": "2025-04-06",
    "Platform": "TikTok"
  },
  {
    "Order_ID": "580164852905970427",
    "Category": "คุกกี้ก้นหอยสอดไส้ครีมกลิ่นทุเรียน 5 KG",
    "Sales": 286.28,
    "Date": "2025-04-06",
    "Platform": "TikTok"
  },
  {
    "Order_ID": "580164793430083709",
    "Category": "ขนมขาไก่รสดั้งเดิม  5 KG",
    "Sales": 553.06,
    "Date": "2025-04-06",
    "Platform": "TikTok"
  },
  {
    "Order_ID": "580164793430083709",
    "Category": "ขาไก่ทรงเครื่อง 5 รส  5 KG",
    "Sales": 0.0,
    "Date": "2025-04-06",
    "Platform": "TikTok"
  },
  {
    "Order_ID": "580164402717034533",
    "Category": "สอดไส้ครีมกลิ่นวานิลลา",
    "Sales": 538.6,
    "Date": "2025-04-06",
    "Platform": "TikTok"
  },
  {
    "Order_ID": "580164402717034533",
    "Category": "คุกกี้ก้นหอยสอดไส้ครีมกลิ่นทุเรียน 5 KG",
    "Sales": 0.0,
    "Date": "2025-04-06",
    "Platform": "TikTok"
  },
  {
    "Order_ID": "580164400329165391",
    "Category": "สอดไส้ครีมกลิ่นวานิลลา",
    "Sales": 269.29,
    "Date": "2025-04-06",
    "Platform": "TikTok"
  },
  {
    "Order_ID": "580164375740647713",
    "Category": "คุกกี้ก้นหอยสอดไส้ครีมกลิ่นทุเรียน 5 KG",
    "Sales": 285.9,
    "Date": "2025-04-06",
    "Platform": "TikTok"
  },
  {
    "Order_ID": "580164340132121363",
    "Category": "คุกกี้แซนวิสสอดไส้ครีมกลิ่นช็อกโกแลต 5 KG",
    "Sales": 269.29,
    "Date": "2025-04-06",
    "Platform": "TikTok"
  },
  {
    "Order_ID": "580164198236326441",
    "Category": "ขนมปังกรอบรสมะพร้าว 5 KG",
    "Sales": 262.74,
    "Date": "2025-04-06",
    "Platform": "TikTok"
  },
  {
    "Order_ID": "580163893214022436",
    "Category": "คุกกี้ก้นหอยสอดไส้ครีมกลิ่นกาแฟ 5 KG",
    "Sales": 269.29,
    "Date": "2025-04-06",
    "Platform": "TikTok"
  },
  {
    "Order_ID": "580163604777699333",
    "Category": "คุกกี้ก้นหอยสอดไส้ครีมกลิ่นทุเรียน 5 KG",
    "Sales": 269.29,
    "Date": "2025-04-06",
    "Platform": "TikTok"
  },
  {
    "Order_ID": "580163377213245502",
    "Category": "สอดไส้ครีมกลิ่นวานิลลา",
    "Sales": 571.82,
    "Date": "2025-04-06",
    "Platform": "TikTok"
  },
  {
    "Order_ID": "580163146073475932",
    "Category": "ขนมปังกรอบสอดไส้แยมสับปะรด 5 KG",
    "Sales": 262.74,
    "Date": "2025-04-06",
    "Platform": "TikTok"
  },
  {
    "Order_ID": "580162970408749823",
    "Category": "ขาไก่ทรงเครื่อง 5 รส  5 KG",
    "Sales": 588.86,
    "Date": "2025-04-06",
    "Platform": "TikTok"
  },
  {
    "Order_ID": "580162970408749823",
    "Category": "ขนมขาไก่รสดั้งเดิม  5 KG",
    "Sales": 0.0,
    "Date": "2025-04-06",
    "Platform": "TikTok"
  },
  {
    "Order_ID": "580162595604171157",
    "Category": "คุกกี้ก้นหอยสอดไส้ครีมกลิ่นทุเรียน 5 KG",
    "Sales": 285.9,
    "Date": "2025-04-05",
    "Platform": "TikTok"
  },
  {
    "Order_ID": "580162548756023327",
    "Category": "ขนมปังกรอบเค็มรูปเอบีซี 4 KG",
    "Sales": 220.15,
    "Date": "2025-04-05",
    "Platform": "TikTok"
  },
  {
    "Order_ID": "580162316563745357",
    "Category": "ขาไก่ทรงเครื่อง 5 รส  5 KG",
    "Sales": 277.32,
    "Date": "2025-04-05",
    "Platform": "TikTok"
  },
  {
    "Order_ID": "580162276940679595",
    "Category": "คุกกี้ก้นหอยสอดไส้ครีมกลิ่นทุเรียน 5 KG",
    "Sales": 285.9,
    "Date": "2025-04-05",
    "Platform": "TikTok"
  },
  {
    "Order_ID": "580161820697463719",
    "Category": "ขนมปังกรอบสอดไส้แยมสับปะรด 5 KG",
    "Sales": 1115.56,
    "Date": "2025-04-05",
    "Platform": "TikTok"
  },
  {
    "Order_ID": "580161524413073515",
    "Category": "ขนมปังกรอบเค็มรูปเอบีซี 4 KG",
    "Sales": 458.35,
    "Date": "2025-04-05",
    "Platform": "TikTok"
  },
  {
    "Order_ID": "580161524413073515",
    "Category": "สอดไส้ครีมกลิ่นวานิลลา",
    "Sales": 0.0,
    "Date": "2025-04-05",
    "Platform": "TikTok"
  },
  {
    "Order_ID": "580161391606270959",
    "Category": "ขาไก่ทรงเครื่อง 5 รส  5 KG",
    "Sales": 859.26,
    "Date": "2025-04-05",
    "Platform": "TikTok"
  },
  {
    "Order_ID": "580161391606270959",
    "Category": "ขนมปังกรอบสอดไส้แยมสับปะรด 5 KG",
    "Sales": 0.0,
    "Date": "2025-04-05",
    "Platform": "TikTok"
  },
  {
    "Order_ID": "580161391606270959",
    "Category": "คุกกี้ก้นหอยสอดไส้ครีมกลิ่นทุเรียน 5 KG",
    "Sales": 0.0,
    "Date": "2025-04-05",
    "Platform": "TikTok"
  },
  {
    "Order_ID": "580161049249679427",
    "Category": "ขนมปังกรอบสอดไส้แยมสับปะรด 5 KG",
    "Sales": 0.0,
    "Date": "2025-04-05",
    "Platform": "TikTok"
  },
  {
    "Order_ID": "580161034385197206",
    "Category": "ขนมปังกรอบสอดไส้แยมสับปะรด 5 KG",
    "Sales": 274.64,
    "Date": "2025-04-05",
    "Platform": "TikTok"
  },
  {
    "Order_ID": "580160941033491189",
    "Category": "ขาไก่ทรงเครื่อง 5 รส  5 KG",
    "Sales": 294.42,
    "Date": "2025-04-05",
    "Platform": "TikTok"
  },
  {
    "Order_ID": "580160793412143391",
    "Category": "ขนมขาไก่รสดั้งเดิม  5 KG",
    "Sales": 294.42,
    "Date": "2025-04-05",
    "Platform": "TikTok"
  },
  {
    "Order_ID": "580160683913742629",
    "Category": "คุกกี้ก้นหอยสอดไส้ครีมกลิ่นวานิลลา",
    "Sales": 569.25,
    "Date": "2025-04-05",
    "Platform": "TikTok"
  },
  {
    "Order_ID": "580160683913742629",
    "Category": "ขนมปังกรอบสอดไส้แยมสับปะรด 5 KG",
    "Sales": 0.0,
    "Date": "2025-04-05",
    "Platform": "TikTok"
  },
  {
    "Order_ID": "580160683913742629",
    "Category": "ขนมขาไก่ทรงเครื่อง 5 รส 1.2 KG",
    "Sales": 0.0,
    "Date": "2025-04-05",
    "Platform": "TikTok"
  },
  {
    "Order_ID": "580160683913742629",
    "Category": "ขนมปังกรอบสอดไส้แยมสับปะรด 5 KG",
    "Sales": 0.0,
    "Date": "2025-04-05",
    "Platform": "TikTok"
  },
  {
    "Order_ID": "580160676898638312",
    "Category": "ขนมปังกรอบสอดไส้แยมสับปะรด 5 KG",
    "Sales": 278.94,
    "Date": "2025-04-05",
    "Platform": "TikTok"
  },
  {
    "Order_ID": "580160664087267895",
    "Category": "ขนมปังกรอบสอดไส้แยมสับปะรด 5 KG",
    "Sales": 278.94,
    "Date": "2025-04-05",
    "Platform": "TikTok"
  },
  {
    "Order_ID": "580160661831912159",
    "Category": "ขนมปังกรอบสอดไส้แยมสับปะรด 5 KG",
    "Sales": 262.74,
    "Date": "2025-04-05",
    "Platform": "TikTok"
  },
  {
    "Order_ID": "580160032527715115",
    "Category": "สอดไส้ครีมกลิ่นวานิลลา",
    "Sales": 285.9,
    "Date": "2025-04-05",
    "Platform": "TikTok"
  },
  {
    "Order_ID": "580159796693863226",
    "Category": "ขนมขาไก่รสดั้งเดิม  5 KG",
    "Sales": 540.06,
    "Date": "2025-04-05",
    "Platform": "TikTok"
  },
  {
    "Order_ID": "580159796693863226",
    "Category": "ขนมปังกรอบสอดไส้แยมสับปะรด 5 KG",
    "Sales": 0.0,
    "Date": "2025-04-05",
    "Platform": "TikTok"
  },
  {
    "Order_ID": "580159784970258451",
    "Category": "ขาไก่ทรงเครื่อง 5 รส  5 KG",
    "Sales": 294.42,
    "Date": "2025-04-05",
    "Platform": "TikTok"
  },
  {
    "Order_ID": "580159780810164551",
    "Category": "ขนมปังกรอบรสงา 5 KG",
    "Sales": 278.49,
    "Date": "2025-04-05",
    "Platform": "TikTok"
  },
  {
    "Order_ID": "580159705905858849",
    "Category": "ขนมปังกรอบเค็มรูปเอบีซี 4 KG",
    "Sales": 232.0,
    "Date": "2025-04-05",
    "Platform": "TikTok"
  },
  {
    "Order_ID": "580159386596575728",
    "Category": "ขาไก่ทรงเครื่อง 5 รส  5 KG",
    "Sales": 277.32,
    "Date": "2025-04-05",
    "Platform": "TikTok"
  },
  {
    "Order_ID": "580159350275279570",
    "Category": "ขนมปังกรอบสอดไส้แยมสับปะรด 5 KG",
    "Sales": 557.86,
    "Date": "2025-04-05",
    "Platform": "TikTok"
  },
  {
    "Order_ID": "580159314653710415",
    "Category": "คุกกี้ก้นหอยสอดไส้ครีมกลิ่นกาแฟ 5 KG",
    "Sales": 511.82,
    "Date": "2025-04-05",
    "Platform": "TikTok"
  },
  {
    "Order_ID": "580159314653710415",
    "Category": "คุกกี้แซนวิสสอดไส้ครีมกลิ่นช็อกโกแลต 5 KG",
    "Sales": 0.0,
    "Date": "2025-04-05",
    "Platform": "TikTok"
  },
  {
    "Order_ID": "580159273811675876",
    "Category": "ขนมขาไก่รสดั้งเดิม  5 KG",
    "Sales": 277.32,
    "Date": "2025-04-05",
    "Platform": "TikTok"
  },
  {
    "Order_ID": "580159269383146259",
    "Category": "ขนมปังกรอบสอดไส้แยมสับปะรด 5 KG",
    "Sales": 262.74,
    "Date": "2025-04-05",
    "Platform": "TikTok"
  },
  {
    "Order_ID": "580159203266431030",
    "Category": "ขนมปังกรอบสอดไส้แยมสับปะรด 5 KG",
    "Sales": 262.74,
    "Date": "2025-04-05",
    "Platform": "TikTok"
  },
  {
    "Order_ID": "580158900301892465",
    "Category": "ขาไก่ทรงเครื่อง 5 รส  5 KG",
    "Sales": 277.32,
    "Date": "2025-04-04",
    "Platform": "TikTok"
  },
  {
    "Order_ID": "580158574158711390",
    "Category": "ขนมปังกรอบเค็มรูปเอบีซี 4 KG",
    "Sales": 437.89,
    "Date": "2025-04-04",
    "Platform": "TikTok"
  },
  {
    "Order_ID": "580158418267769074",
    "Category": "ขาไก่ทรงเครื่อง 5 รส  5 KG",
    "Sales": 657.38,
    "Date": "2025-04-04",
    "Platform": "TikTok"
  },
  {
    "Order_ID": "580158418267769074",
    "Category": "ขนมปังกรอบรสงา 5 KG",
    "Sales": 0.0,
    "Date": "2025-04-04",
    "Platform": "TikTok"
  },
  {
    "Order_ID": "580158418267769074",
    "Category": "ขนมขาไก่รสดั้งเดิม  5 KG",
    "Sales": 0.0,
    "Date": "2025-04-04",
    "Platform": "TikTok"
  },
  {
    "Order_ID": "580158040841620295",
    "Category": "ขนมปังกรอบรสมะพร้าว 5 KG",
    "Sales": 278.94,
    "Date": "2025-04-04",
    "Platform": "TikTok"
  },
  {
    "Order_ID": "580157911085517534",
    "Category": "ขนมปังกรอบสอดไส้แยมสับปะรด 5 KG",
    "Sales": 311.53,
    "Date": "2025-04-04",
    "Platform": "TikTok"
  },
  {
    "Order_ID": "580157884595997406",
    "Category": "ขนมปังกรอบสอดไส้แยมสับปะรด 5 KG",
    "Sales": 278.94,
    "Date": "2025-04-04",
    "Platform": "TikTok"
  },
  {
    "Order_ID": "580157834932226346",
    "Category": "ขาไก่ทรงเครื่อง 5 รส  5 KG",
    "Sales": 277.32,
    "Date": "2025-04-04",
    "Platform": "TikTok"
  },
  {
    "Order_ID": "580157707437509058",
    "Category": "ขนมขาไก่รสดั้งเดิม  5 KG",
    "Sales": 294.42,
    "Date": "2025-04-04",
    "Platform": "TikTok"
  },
  {
    "Order_ID": "580157607894944675",
    "Category": "ขนมปังกรอบรสงา 5 KG",
    "Sales": 262.74,
    "Date": "2025-04-04",
    "Platform": "TikTok"
  },
  {
    "Order_ID": "580157275041073898",
    "Category": "ขนมขาไก่รสดั้งเดิม  5 KG",
    "Sales": 294.42,
    "Date": "2025-04-04",
    "Platform": "TikTok"
  },
  {
    "Order_ID": "580156647379471243",
    "Category": "ขาไก่ทรงเครื่อง 5 รส  5 KG",
    "Sales": 278.96,
    "Date": "2025-04-04",
    "Platform": "TikTok"
  },
  {
    "Order_ID": "580156620986026359",
    "Category": "ขาไก่ทรงเครื่อง 5 รส  5 KG",
    "Sales": 277.32,
    "Date": "2025-04-04",
    "Platform": "TikTok"
  },
  {
    "Order_ID": "580155772150975454",
    "Category": "สอดไส้ครีมกลิ่นวานิลลา",
    "Sales": 268.84,
    "Date": "2025-04-04",
    "Platform": "TikTok"
  },
  {
    "Order_ID": "580155543832988348",
    "Category": "ขนมขาไก่รสดั้งเดิม  5 KG",
    "Sales": 884.01,
    "Date": "2025-04-04",
    "Platform": "TikTok"
  },
  {
    "Order_ID": "580155543832988348",
    "Category": "ขาไก่ทรงเครื่อง 5 รส  5 KG",
    "Sales": 0.0,
    "Date": "2025-04-04",
    "Platform": "TikTok"
  },
  {
    "Order_ID": "580155529234975038",
    "Category": "สอดไส้ครีมกลิ่นวานิลลา",
    "Sales": 285.9,
    "Date": "2025-04-04",
    "Platform": "TikTok"
  },
  {
    "Order_ID": "580155379319606088",
    "Category": "ขนมปังกรอบสอดไส้แยมสับปะรด 5 KG",
    "Sales": 278.94,
    "Date": "2025-04-04",
    "Platform": "TikTok"
  },
  {
    "Order_ID": "580155363256797927",
    "Category": "ขนมปังกรอบสอดไส้แยมสับปะรด 5 KG",
    "Sales": 278.94,
    "Date": "2025-04-04",
    "Platform": "TikTok"
  },
  {
    "Order_ID": "580155149180963182",
    "Category": "ขนมปังกรอบสอดไส้แยมสับปะรด 5 KG",
    "Sales": 1078.14,
    "Date": "2025-04-04",
    "Platform": "TikTok"
  },
  {
    "Order_ID": "580155149180963182",
    "Category": "ขนมปังกรอบสอดไส้แยมสับปะรด 5 KG",
    "Sales": 0.0,
    "Date": "2025-04-04",
    "Platform": "TikTok"
  },
  {
    "Order_ID": "580155149180963182",
    "Category": "คุกกี้ก้นหอยสอดไส้ครีมกลิ่นกาแฟ 5 KG",
    "Sales": 0.0,
    "Date": "2025-04-04",
    "Platform": "TikTok"
  },
  {
    "Order_ID": "580155149180963182",
    "Category": "คุกกี้แซนวิชสอดไส้ครีมกลิ่นช็อกโกแลต ",
    "Sales": 0.0,
    "Date": "2025-04-04",
    "Platform": "TikTok"
  },
  {
    "Order_ID": "580155149180963182",
    "Category": "ขนมขาไก่รสดั้งเดิม  5 KG",
    "Sales": 0.0,
    "Date": "2025-04-04",
    "Platform": "TikTok"
  },
  {
    "Order_ID": "580155002638338126",
    "Category": "ขนมปังกรอบสอดไส้แยมสับปะรด 5 KG",
    "Sales": 264.38,
    "Date": "2025-04-04",
    "Platform": "TikTok"
  },
  {
    "Order_ID": "580154618623854663",
    "Category": "ขาไก่ทรงเครื่อง 5 รส  5 KG",
    "Sales": 294.42,
    "Date": "2025-04-03",
    "Platform": "TikTok"
  },
  {
    "Order_ID": "580154494809508562",
    "Category": "ขนมปังกรอบสอดไส้แยมสับปะรด 5 KG",
    "Sales": 278.94,
    "Date": "2025-04-03",
    "Platform": "TikTok"
  },
  {
    "Order_ID": "580154085309384722",
    "Category": "ขนมปังกรอบรสงา 5 KG",
    "Sales": 262.74,
    "Date": "2025-04-03",
    "Platform": "TikTok"
  },
  {
    "Order_ID": "580153855915100679",
    "Category": "คุกกี้แซนวิสสอดไส้ครีมกลิ่นช็อกโกแลต 5 KG",
    "Sales": 542.43,
    "Date": "2025-04-03",
    "Platform": "TikTok"
  },
  {
    "Order_ID": "580153855915100679",
    "Category": "คุกกี้ก้นหอยสอดไส้ครีมกลิ่นใบเตย 5 KG",
    "Sales": 0.0,
    "Date": "2025-04-03",
    "Platform": "TikTok"
  },
  {
    "Order_ID": "580153876357154934",
    "Category": "คุกกี้ก้นหอยสอดไส้ครีมกลิ่นใบเตย 5 KG",
    "Sales": 287.06,
    "Date": "2025-04-03",
    "Platform": "TikTok"
  },
  {
    "Order_ID": "580153112004561397",
    "Category": "ขนมปังกรอบสอดไส้แยมสับปะรด 5 KG",
    "Sales": 278.94,
    "Date": "2025-04-03",
    "Platform": "TikTok"
  },
  {
    "Order_ID": "580153094331140925",
    "Category": "ขนมปังกรอบสอดไส้แยมสับปะรด 5 KG",
    "Sales": 262.29,
    "Date": "2025-04-03",
    "Platform": "TikTok"
  },
  {
    "Order_ID": "580153069352356229",
    "Category": "ขนมปังกรอบสอดไส้แยมสับปะรด 5 KG",
    "Sales": 0.0,
    "Date": "2025-04-03",
    "Platform": "TikTok"
  },
  {
    "Order_ID": "580152529709205781",
    "Category": "ขนมปังกรอบรสงา 5 KG",
    "Sales": 262.74,
    "Date": "2025-04-03",
    "Platform": "TikTok"
  },
  {
    "Order_ID": "580152531584059830",
    "Category": "ขนมปังกรอบเค็มรูปเอบีซี 4 KG",
    "Sales": 232.0,
    "Date": "2025-04-03",
    "Platform": "TikTok"
  },
  {
    "Order_ID": "580152247175841891",
    "Category": "ทับทิมทองทรงเครื่อง 5 รส  5.5 KG",
    "Sales": 544.44,
    "Date": "2025-04-03",
    "Platform": "TikTok"
  },
  {
    "Order_ID": "580152247175841891",
    "Category": "ขนมปังกรอบรสมะพร้าว 5 KG",
    "Sales": 0.0,
    "Date": "2025-04-03",
    "Platform": "TikTok"
  },
  {
    "Order_ID": "580152135728728119",
    "Category": "ขนมปังกรอบรสมะพร้าว 5 KG",
    "Sales": 559.52,
    "Date": "2025-04-03",
    "Platform": "TikTok"
  },
  {
    "Order_ID": "580152135728728119",
    "Category": "ขนมปังกรอบสอดไส้แยมสับปะรด 5 KG",
    "Sales": 0.0,
    "Date": "2025-04-03",
    "Platform": "TikTok"
  },
  {
    "Order_ID": "580152047053212499",
    "Category": "ขนมปังกรอบสอดไส้แยมสับปะรด 5 KG",
    "Sales": 278.94,
    "Date": "2025-04-03",
    "Platform": "TikTok"
  },
  {
    "Order_ID": "580152010699213651",
    "Category": "ขนมปังกรอบสอดไส้แยมสับปะรด 5 KG",
    "Sales": 264.38,
    "Date": "2025-04-03",
    "Platform": "TikTok"
  },
  {
    "Order_ID": "580151938216462346",
    "Category": "ขาไก่ทรงเครื่อง 5 รส  5 KG",
    "Sales": 277.32,
    "Date": "2025-04-03",
    "Platform": "TikTok"
  },
  {
    "Order_ID": "580151662852672181",
    "Category": "ขนมปังกรอบสอดไส้แยมสับปะรด 5 KG",
    "Sales": 264.38,
    "Date": "2025-04-03",
    "Platform": "TikTok"
  },
  {
    "Order_ID": "580151446712388145",
    "Category": "คุกกี้ก้นหอยสอดไส้ครีมกลิ่นทุเรียน 5 KG",
    "Sales": 859.26,
    "Date": "2025-04-03",
    "Platform": "TikTok"
  },
  {
    "Order_ID": "580151446712388145",
    "Category": "ขาไก่ทรงเครื่อง 5 รส  5 KG",
    "Sales": 0.0,
    "Date": "2025-04-03",
    "Platform": "TikTok"
  },
  {
    "Order_ID": "580151446712388145",
    "Category": "ขนมปังกรอบสอดไส้แยมสับปะรด 5 KG",
    "Sales": 0.0,
    "Date": "2025-04-03",
    "Platform": "TikTok"
  },
  {
    "Order_ID": "580151419120289793",
    "Category": "ขาไก่ทรงเครื่อง 5 รส  5 KG",
    "Sales": 294.42,
    "Date": "2025-04-03",
    "Platform": "TikTok"
  },
  {
    "Order_ID": "580151347819744204",
    "Category": "ขนมปังกรอบสอดไส้แยมสับปะรด 5 KG",
    "Sales": 262.74,
    "Date": "2025-04-03",
    "Platform": "TikTok"
  },
  {
    "Order_ID": "580151330776320595",
    "Category": "ขนมขาไก่รสดั้งเดิม  5 KG",
    "Sales": 559.42,
    "Date": "2025-04-03",
    "Platform": "TikTok"
  },
  {
    "Order_ID": "580151330776320595",
    "Category": "ขนมปังกรอบสอดไส้แยมสับปะรด 5 KG",
    "Sales": 0.0,
    "Date": "2025-04-03",
    "Platform": "TikTok"
  },
  {
    "Order_ID": "580151210189491178",
    "Category": "ขนมปังกรอบสอดไส้แยมสับปะรด 5 KG",
    "Sales": 0.0,
    "Date": "2025-04-03",
    "Platform": "TikTok"
  },
  {
    "Order_ID": "580150906780355156",
    "Category": "ขาไก่ทรงเครื่อง 5 รส  5 KG",
    "Sales": 295.06,
    "Date": "2025-04-02",
    "Platform": "TikTok"
  },
  {
    "Order_ID": "580150875710982466",
    "Category": "คุกกี้ก้นหอยสอดไส้ครีมกลิ่นใบเตย 5 KG",
    "Sales": 1705.73,
    "Date": "2025-04-02",
    "Platform": "TikTok"
  },
  {
    "Order_ID": "580150875710982466",
    "Category": "คุกกี้ก้นหอยสอดไส้ครีมกลิ่นกาแฟ 5 KG",
    "Sales": 0.0,
    "Date": "2025-04-02",
    "Platform": "TikTok"
  },
  {
    "Order_ID": "580150875710982466",
    "Category": "คุกกี้แซนวิสสอดไส้ครีมกลิ่นช็อกโกแลต 5 KG",
    "Sales": 0.0,
    "Date": "2025-04-02",
    "Platform": "TikTok"
  },
  {
    "Order_ID": "580150875710982466",
    "Category": "ขนมปังกรอบสอดไส้แยมสับปะรด 5 KG",
    "Sales": 0.0,
    "Date": "2025-04-02",
    "Platform": "TikTok"
  },
  {
    "Order_ID": "580150875710982466",
    "Category": "คุกกี้ก้นหอยสอดไส้ครีมกลิ่นทุเรียน 5 KG",
    "Sales": 0.0,
    "Date": "2025-04-02",
    "Platform": "TikTok"
  },
  {
    "Order_ID": "580150875710982466",
    "Category": "สอดไส้ครีมกลิ่นวานิลลา",
    "Sales": 0.0,
    "Date": "2025-04-02",
    "Platform": "TikTok"
  },
  {
    "Order_ID": "580150863240268261",
    "Category": "สอดไส้ครีมกลิ่นวานิลลา",
    "Sales": 269.29,
    "Date": "2025-04-02",
    "Platform": "TikTok"
  },
  {
    "Order_ID": "580150765361138599",
    "Category": "ขนมขาไก่รสดั้งเดิม  5 KG",
    "Sales": 542.79,
    "Date": "2025-04-02",
    "Platform": "TikTok"
  },
  {
    "Order_ID": "580150765361138599",
    "Category": "ขนมปังกรอบสอดไส้แยมสับปะรด 5 KG",
    "Sales": 0.0,
    "Date": "2025-04-02",
    "Platform": "TikTok"
  },
  {
    "Order_ID": "580150613099186685",
    "Category": "ขาไก่ทรงเครื่อง 5 รส  5 KG",
    "Sales": 279.01,
    "Date": "2025-04-02",
    "Platform": "TikTok"
  },
  {
    "Order_ID": "580150589047146524",
    "Category": "ขนมปังกรอบรสมะพร้าว 5 KG",
    "Sales": 262.74,
    "Date": "2025-04-02",
    "Platform": "TikTok"
  },
  {
    "Order_ID": "580150487410444326",
    "Category": "ขนมปังกรอบสอดไส้แยมสับปะรด 5 KG",
    "Sales": 551.24,
    "Date": "2025-04-02",
    "Platform": "TikTok"
  },
  {
    "Order_ID": "580150487410444326",
    "Category": "คุกกี้ก้นหอยสอดไส้ครีมกลิ่นทุเรียน 5 KG",
    "Sales": 0.0,
    "Date": "2025-04-02",
    "Platform": "TikTok"
  },
  {
    "Order_ID": "580150446944848613",
    "Category": "ขนมปังกรอบสอดไส้แยมสับปะรด 5 KG",
    "Sales": 262.74,
    "Date": "2025-04-02",
    "Platform": "TikTok"
  },
  {
    "Order_ID": "580150456394222271",
    "Category": "ขนมปังกรอบเค็มรูปเอบีซี 4 KG",
    "Sales": 232.0,
    "Date": "2025-04-02",
    "Platform": "TikTok"
  },
  {
    "Order_ID": "580150382487898804",
    "Category": "ขนมปังกรอบสอดไส้แยมสับปะรด 5 KG",
    "Sales": 262.74,
    "Date": "2025-04-02",
    "Platform": "TikTok"
  },
  {
    "Order_ID": "580150312892205538",
    "Category": "ขาไก่ทรงเครื่อง 5 รส  5 KG",
    "Sales": 294.93,
    "Date": "2025-04-02",
    "Platform": "TikTok"
  },
  {
    "Order_ID": "580149946702007064",
    "Category": "คุกกี้ก้นหอยสอดไส้ครีมกลิ่นทุเรียน 5 KG",
    "Sales": 0.0,
    "Date": "2025-04-02",
    "Platform": "TikTok"
  },
  {
    "Order_ID": "580149946702007064",
    "Category": "ขนมปังกรอบสอดไส้แยมสับปะรด 5 KG",
    "Sales": 0.0,
    "Date": "2025-04-02",
    "Platform": "TikTok"
  },
  {
    "Order_ID": "580149905920985112",
    "Category": "ขนมปังกรอบเค็มรูปเอบีซี 4 KG",
    "Sales": 791.72,
    "Date": "2025-04-02",
    "Platform": "TikTok"
  },
  {
    "Order_ID": "580149905920985112",
    "Category": "ขนมปังกรอบสอดไส้แยมสับปะรด 5 KG",
    "Sales": 0.0,
    "Date": "2025-04-02",
    "Platform": "TikTok"
  },
  {
    "Order_ID": "580149905920985112",
    "Category": "ขาไก่ทรงเครื่อง 5 รส  5 KG",
    "Sales": 0.0,
    "Date": "2025-04-02",
    "Platform": "TikTok"
  },
  {
    "Order_ID": "580149834880485991",
    "Category": "คุกกี้ก้นหอยสอดไส้ครีมกลิ่นใบเตย 5 KG",
    "Sales": 721.24,
    "Date": "2025-04-02",
    "Platform": "TikTok"
  },
  {
    "Order_ID": "580149834880485991",
    "Category": "สอดไส้ครีมกลิ่นวานิลลา",
    "Sales": 0.0,
    "Date": "2025-04-02",
    "Platform": "TikTok"
  },
  {
    "Order_ID": "580149834880485991",
    "Category": "ขาไก่ทรงเครื่อง 5 รส  5 KG",
    "Sales": 0.0,
    "Date": "2025-04-02",
    "Platform": "TikTok"
  },
  {
    "Order_ID": "580149647873771615",
    "Category": "ขนมปังกรอบเค็มรูปเอบีซี 4 KG",
    "Sales": -14.0,
    "Date": "2025-04-02",
    "Platform": "TikTok"
  },
  {
    "Order_ID": "580149598926244298",
    "Category": "ขาไก่ทรงเครื่อง 5 รส  5 KG",
    "Sales": 1084.73,
    "Date": "2025-04-02",
    "Platform": "TikTok"
  },
  {
    "Order_ID": "580149598926244298",
    "Category": "ขนมปังกรอบเค็มรูปเอบีซี 4 KG",
    "Sales": 0.0,
    "Date": "2025-04-02",
    "Platform": "TikTok"
  },
  {
    "Order_ID": "580149598926244298",
    "Category": "ขนมปังกรอบสอดไส้แยมสับปะรด 5 KG",
    "Sales": 0.0,
    "Date": "2025-04-02",
    "Platform": "TikTok"
  },
  {
    "Order_ID": "580149595219004406",
    "Category": "คุกกี้ก้นหอยสอดไส้ครีมกลิ่นทุเรียน 5 KG",
    "Sales": 269.29,
    "Date": "2025-04-02",
    "Platform": "TikTok"
  },
  {
    "Order_ID": "580149469936453980",
    "Category": "ขนมปังกรอบเค็มรูปเอบีซี 4 KG",
    "Sales": 258.27,
    "Date": "2025-04-02",
    "Platform": "TikTok"
  },
  {
    "Order_ID": "580149368432724946",
    "Category": "ขาไก่ทรงเครื่อง 5 รส  5 KG",
    "Sales": 294.42,
    "Date": "2025-04-02",
    "Platform": "TikTok"
  },
  {
    "Order_ID": "580149333249591514",
    "Category": "ขนมปังกรอบสอดไส้แยมสับปะรด 5 KG",
    "Sales": 0.0,
    "Date": "2025-04-02",
    "Platform": "TikTok"
  },
  {
    "Order_ID": "580149012619954368",
    "Category": "ขนมปังกรอบรสมะพร้าว 5 KG",
    "Sales": -151.33,
    "Date": "2025-04-02",
    "Platform": "TikTok"
  },
  {
    "Order_ID": "580148953498683673",
    "Category": "ขนมปังกรอบสอดไส้แยมสับปะรด 5 KG",
    "Sales": 0.0,
    "Date": "2025-04-02",
    "Platform": "TikTok"
  },
  {
    "Order_ID": "580148952359144003",
    "Category": "ขนมปังกรอบสอดไส้แยมสับปะรด 5 KG",
    "Sales": 278.94,
    "Date": "2025-04-02",
    "Platform": "TikTok"
  },
  {
    "Order_ID": "580148932749921151",
    "Category": "สอดไส้ครีมกลิ่นวานิลลา",
    "Sales": 269.29,
    "Date": "2025-04-02",
    "Platform": "TikTok"
  },
  {
    "Order_ID": "580148900671228881",
    "Category": "ทับทิมทองทรงเครื่อง 5 รส  5.5 KG",
    "Sales": 575.07,
    "Date": "2025-04-02",
    "Platform": "TikTok"
  },
  {
    "Order_ID": "580148900671228881",
    "Category": "ขนมปังกรอบสอดไส้แยมสับปะรด 5 KG",
    "Sales": 0.0,
    "Date": "2025-04-02",
    "Platform": "TikTok"
  },
  {
    "Order_ID": "580148723234801726",
    "Category": "คุกกี้ก้นหอยสอดไส้ครีมกลิ่นใบเตย 5 KG",
    "Sales": 285.9,
    "Date": "2025-04-02",
    "Platform": "TikTok"
  },
  {
    "Order_ID": "580148670073505833",
    "Category": "ขนมปังกรอบสอดไส้แยมสับปะรด 5 KG",
    "Sales": 0.0,
    "Date": "2025-04-02",
    "Platform": "TikTok"
  },
  {
    "Order_ID": "580148576112314561",
    "Category": "ขนมปังกรอบสอดไส้แยมสับปะรด 5 KG",
    "Sales": 262.74,
    "Date": "2025-04-02",
    "Platform": "TikTok"
  },
  {
    "Order_ID": "580148459976624932",
    "Category": "ขนมปังกรอบสอดไส้แยมสับปะรด 5 KG",
    "Sales": 262.74,
    "Date": "2025-04-02",
    "Platform": "TikTok"
  },
  {
    "Order_ID": "580148441369185160",
    "Category": "คุกกี้ก้นหอยสอดไส้ครีมกลิ่นใบเตย 5 KG",
    "Sales": 0.0,
    "Date": "2025-04-02",
    "Platform": "TikTok"
  },
  {
    "Order_ID": "580148403366300510",
    "Category": "ขนมปังกรอบรสมะพร้าว 5 KG",
    "Sales": 264.75,
    "Date": "2025-04-02",
    "Platform": "TikTok"
  },
  {
    "Order_ID": "580148253079931730",
    "Category": "ข้าวเกรียบหมึกรสเผ็ดหวาน 400 G",
    "Sales": 185.95,
    "Date": "2025-04-02",
    "Platform": "TikTok"
  },
  {
    "Order_ID": "580148253079931730",
    "Category": "หมึกเผ็ดหวาน+กุ้งหมึกย่าง 400 กรัม",
    "Sales": 0.0,
    "Date": "2025-04-02",
    "Platform": "TikTok"
  },
  {
    "Order_ID": "580147847086966806",
    "Category": "ขนมปังกรอบสอดไส้แยมสับปะรด 5 KG",
    "Sales": 279.58,
    "Date": "2025-04-02",
    "Platform": "TikTok"
  },
  {
    "Order_ID": "580147756804835730",
    "Category": "ขนมปังกรอบสอดไส้แยมสับปะรด 5 KG",
    "Sales": 262.74,
    "Date": "2025-04-02",
    "Platform": "TikTok"
  },
  {
    "Order_ID": "580147756031380216",
    "Category": "คุกกี้แซนวิสสอดไส้ครีมกลิ่นช็อกโกแลต 5 KG",
    "Sales": 1142.17,
    "Date": "2025-04-02",
    "Platform": "TikTok"
  },
  {
    "Order_ID": "580147756031380216",
    "Category": "คุกกี้ก้นหอยสอดไส้ครีมกลิ่นทุเรียน 5 KG",
    "Sales": 0.0,
    "Date": "2025-04-02",
    "Platform": "TikTok"
  },
  {
    "Order_ID": "580147756031380216",
    "Category": "สอดไส้ครีมกลิ่นวานิลลา",
    "Sales": 0.0,
    "Date": "2025-04-02",
    "Platform": "TikTok"
  },
  {
    "Order_ID": "580147754084239550",
    "Category": "คุกกี้ก้นหอยสอดไส้ครีมกลิ่นใบเตย 5 KG",
    "Sales": 806.24,
    "Date": "2025-04-02",
    "Platform": "TikTok"
  },
  {
    "Order_ID": "580147754084239550",
    "Category": "คุกกี้ก้นหอยสอดไส้ครีมกลิ่นทุเรียน 5 KG",
    "Sales": 0.0,
    "Date": "2025-04-02",
    "Platform": "TikTok"
  },
  {
    "Order_ID": "580147754084239550",
    "Category": "ขนมปังกรอบสอดไส้แยมสับปะรด 5 KG",
    "Sales": 0.0,
    "Date": "2025-04-02",
    "Platform": "TikTok"
  },
  {
    "Order_ID": "580147724869798575",
    "Category": "ขนมปังกรอบรสมะพร้าว 5 KG",
    "Sales": 1063.9,
    "Date": "2025-04-02",
    "Platform": "TikTok"
  },
  {
    "Order_ID": "580147724869798575",
    "Category": "ขนมปังกรอบรสงา 5 KG",
    "Sales": 0.0,
    "Date": "2025-04-02",
    "Platform": "TikTok"
  },
  {
    "Order_ID": "580147724869798575",
    "Category": "สอดไส้ครีมกลิ่นวานิลลา",
    "Sales": 0.0,
    "Date": "2025-04-02",
    "Platform": "TikTok"
  },
  {
    "Order_ID": "580147724869798575",
    "Category": "คุกกี้แซนวิสสอดไส้ครีมกลิ่นช็อกโกแลต 5 KG",
    "Sales": 0.0,
    "Date": "2025-04-02",
    "Platform": "TikTok"
  },
  {
    "Order_ID": "580147709487843367",
    "Category": "ขนมปังกรอบสอดไส้แยมสับปะรด 5 KG",
    "Sales": 262.74,
    "Date": "2025-04-02",
    "Platform": "TikTok"
  },
  {
    "Order_ID": "580147354098109186",
    "Category": "ขาไก่ทรงเครื่อง 5 รส  5 KG",
    "Sales": 294.42,
    "Date": "2025-04-02",
    "Platform": "TikTok"
  },
  {
    "Order_ID": "580146929310730639",
    "Category": "ขนมปังกรอบรสมะพร้าว 5 KG",
    "Sales": 564.84,
    "Date": "2025-04-01",
    "Platform": "TikTok"
  },
  {
    "Order_ID": "580146929310730639",
    "Category": "คุกกี้ก้นหอยสอดไส้ครีมกลิ่นใบเตย 5 KG",
    "Sales": 0.0,
    "Date": "2025-04-01",
    "Platform": "TikTok"
  },
  {
    "Order_ID": "580146636967545179",
    "Category": "ขนมปังกรอบเค็มรูปเอบีซี 4 KG",
    "Sales": 384.89,
    "Date": "2025-04-01",
    "Platform": "TikTok"
  },
  {
    "Order_ID": "580146431150098941",
    "Category": "ขนมปังกรอบรสมะพร้าว 5 KG",
    "Sales": 525.46,
    "Date": "2025-04-01",
    "Platform": "TikTok"
  },
  {
    "Order_ID": "580146431150098941",
    "Category": "ขนมปังกรอบรสงา 5 KG",
    "Sales": 0.0,
    "Date": "2025-04-01",
    "Platform": "TikTok"
  },
  {
    "Order_ID": "580146396546960039",
    "Category": "ขนมขาไก่รสดั้งเดิม  5 KG",
    "Sales": 294.42,
    "Date": "2025-04-01",
    "Platform": "TikTok"
  },
  {
    "Order_ID": "580145475116042452",
    "Category": "ขนมปังกรอบสอดไส้แยมสับปะรด 5 KG",
    "Sales": 278.94,
    "Date": "2025-04-01",
    "Platform": "TikTok"
  },
  {
    "Order_ID": "580145159835322560",
    "Category": "ขนมปังกรอบรสงา 5 KG",
    "Sales": 291.92,
    "Date": "2025-04-01",
    "Platform": "TikTok"
  },
  {
    "Order_ID": "580144749110659227",
    "Category": "ขนมปังกรอบรสมะพร้าว 5 KG",
    "Sales": 262.74,
    "Date": "2025-04-01",
    "Platform": "TikTok"
  },
  {
    "Order_ID": "580144533254342746",
    "Category": "ขนมปังกรอบสอดไส้แยมสับปะรด 5 KG",
    "Sales": 557.86,
    "Date": "2025-04-01",
    "Platform": "TikTok"
  },
  {
    "Order_ID": "580144197585177145",
    "Category": "ขนมปังกรอบรสงา 5 KG",
    "Sales": 278.94,
    "Date": "2025-04-01",
    "Platform": "TikTok"
  },
  {
    "Order_ID": "580144051265898826",
    "Category": "ทับทิมทองทรงเครื่อง 5 รส  5.5 KG",
    "Sales": 571.76,
    "Date": "2025-04-01",
    "Platform": "TikTok"
  },
  {
    "Order_ID": "580144051265898826",
    "Category": "ขาไก่ทรงเครื่อง 5 รส  5 KG",
    "Sales": 0.0,
    "Date": "2025-04-01",
    "Platform": "TikTok"
  },
  {
    "Order_ID": "580143775420353379",
    "Category": "สอดไส้ครีมกลิ่นวานิลลา",
    "Sales": 478.6,
    "Date": "2025-04-01",
    "Platform": "TikTok"
  },
  {
    "Order_ID": "580143775420353379",
    "Category": "คุกกี้แซนวิสสอดไส้ครีมกลิ่นช็อกโกแลต 5 KG",
    "Sales": 0.0,
    "Date": "2025-04-01",
    "Platform": "TikTok"
  },
  {
    "Order_ID": "580143062477146460",
    "Category": "ขนมปังกรอบสอดไส้แยมสับปะรด 5 KG",
    "Sales": 278.94,
    "Date": "2025-03-31",
    "Platform": "TikTok"
  },
  {
    "Order_ID": "580142379498506857",
    "Category": "ขนมปังกรอบสอดไส้แยมสับปะรด 5 KG",
    "Sales": 262.74,
    "Date": "2025-03-31",
    "Platform": "TikTok"
  },
  {
    "Order_ID": "580142068899678872",
    "Category": "ขนมปังกรอบรสงา 5 KG",
    "Sales": 278.94,
    "Date": "2025-03-31",
    "Platform": "TikTok"
  },
  {
    "Order_ID": "580140631046326568",
    "Category": "ขนมปังกรอบสอดไส้แยมสับปะรด 5 KG",
    "Sales": 241.05,
    "Date": "2025-03-31",
    "Platform": "TikTok"
  },
  {
    "Order_ID": "580140556881070493",
    "Category": "ขาไก่ทรงเครื่อง 5 รส  5 KG",
    "Sales": 327.14,
    "Date": "2025-03-31",
    "Platform": "TikTok"
  },
  {
    "Order_ID": "580140473217222904",
    "Category": "ขนมปังกรอบสอดไส้แยมสับปะรด 5 KG",
    "Sales": 309.92,
    "Date": "2025-03-31",
    "Platform": "TikTok"
  },
  {
    "Order_ID": "580139368512981315",
    "Category": "ขนมปังกรอบเค็มรูปเอบีซี 4 KG",
    "Sales": 244.79,
    "Date": "2025-03-30",
    "Platform": "TikTok"
  },
  {
    "Order_ID": "580137118185654808",
    "Category": "ทับทิมทองทรงเครื่อง 5 รส  5.5 KG",
    "Sales": 617.93,
    "Date": "2025-03-30",
    "Platform": "TikTok"
  },
  {
    "Order_ID": "580136521925102021",
    "Category": "ขนมปังกรอบรสงา 5 KG",
    "Sales": 627.6,
    "Date": "2025-03-30",
    "Platform": "TikTok"
  },
  {
    "Order_ID": "580136521925102021",
    "Category": "สอดไส้ครีมกลิ่นวานิลลา",
    "Sales": 0.0,
    "Date": "2025-03-30",
    "Platform": "TikTok"
  },
  {
    "Order_ID": "580136461176113807",
    "Category": "ทับทิมทองทรงเครื่อง 5 รส  5.5 KG",
    "Sales": 327.14,
    "Date": "2025-03-30",
    "Platform": "TikTok"
  },
  {
    "Order_ID": "580136176711732166",
    "Category": "ขาไก่ทรงเครื่อง 5 รส  5 KG",
    "Sales": 308.14,
    "Date": "2025-03-30",
    "Platform": "TikTok"
  },
  {
    "Order_ID": "580133375469848884",
    "Category": "ขนมปังกรอบเค็มรูปเอบีซี 4 KG",
    "Sales": 258.27,
    "Date": "2025-03-29",
    "Platform": "TikTok"
  },
  {
    "Order_ID": "580132668931279674",
    "Category": "ขนมปังกรอบรสมะพร้าว 5 KG",
    "Sales": 309.92,
    "Date": "2025-03-29",
    "Platform": "TikTok"
  },
  {
    "Order_ID": "580131153800104130",
    "Category": "ทับทิมทองทรงเครื่อง 5 รส  5.5 KG",
    "Sales": 328.47,
    "Date": "2025-03-28",
    "Platform": "TikTok"
  },
  {
    "Order_ID": "580128589914672101",
    "Category": "คุกกี้ก้นหอยสอดไส้ครีมกลิ่นทุเรียน 5 KG",
    "Sales": 299.23,
    "Date": "2025-03-27",
    "Platform": "TikTok"
  },
  {
    "Order_ID": "580128267300014316",
    "Category": "คุกกี้แซนวิสสอดไส้ครีมกลิ่นช็อกโกแลต 5 KG",
    "Sales": 299.23,
    "Date": "2025-03-27",
    "Platform": "TikTok"
  },
  {
    "Order_ID": "580128156816869801",
    "Category": "ขนมปังกรอบรสมะพร้าว 5 KG",
    "Sales": 291.92,
    "Date": "2025-03-27",
    "Platform": "TikTok"
  },
  {
    "Order_ID": "580125078191966825",
    "Category": "ขนมปังกรอบรสงา 5 KG",
    "Sales": 309.92,
    "Date": "2025-03-26",
    "Platform": "TikTok"
  },
  {
    "Order_ID": "580124605091121754",
    "Category": "ขาไก่ทรงเครื่อง 5 รส  5 KG",
    "Sales": 308.14,
    "Date": "2025-03-26",
    "Platform": "TikTok"
  },
  {
    "Order_ID": "580121540726589800",
    "Category": "ขนมปังกรอบรสงา 5 KG",
    "Sales": 309.47,
    "Date": "2025-03-25",
    "Platform": "TikTok"
  },
  {
    "Order_ID": "580120907793533489",
    "Category": "ขนมปังกรอบรสมะพร้าว 5 KG",
    "Sales": 291.92,
    "Date": "2025-03-25",
    "Platform": "TikTok"
  },
  {
    "Order_ID": "580120353067207119",
    "Category": "ขนมปังกรอบเค็มรูปเอบีซี 4 KG",
    "Sales": 243.27,
    "Date": "2025-03-25",
    "Platform": "TikTok"
  },
  {
    "Order_ID": "580119809317768134",
    "Category": "ขนมปังกรอบสอดไส้แยมสับปะรด 5 KG",
    "Sales": 309.92,
    "Date": "2025-03-25",
    "Platform": "TikTok"
  },
  {
    "Order_ID": "580119801908136902",
    "Category": "ขนมปังกรอบสอดไส้แยมสับปะรด 5 KG",
    "Sales": 309.92,
    "Date": "2025-03-25",
    "Platform": "TikTok"
  },
  {
    "Order_ID": "580119239820479032",
    "Category": "ขาไก่ทรงเครื่อง 5 รส  5 KG",
    "Sales": 308.14,
    "Date": "2025-03-25",
    "Platform": "TikTok"
  },
  {
    "Order_ID": "580119204105980306",
    "Category": "สอดไส้ครีมกลิ่นวานิลลา",
    "Sales": 299.23,
    "Date": "2025-03-25",
    "Platform": "TikTok"
  },
  {
    "Order_ID": "580119025827940690",
    "Category": "ขนมปังกรอบรสมะพร้าว 5 KG",
    "Sales": 291.92,
    "Date": "2025-03-25",
    "Platform": "TikTok"
  },
  {
    "Order_ID": "580118249749645809",
    "Category": "ขนมปังกรอบสอดไส้แยมสับปะรด 5 KG",
    "Sales": 306.7,
    "Date": "2025-03-24",
    "Platform": "TikTok"
  },
  {
    "Order_ID": "580118073208047873",
    "Category": "ขนมขาไก่รสดั้งเดิม  5 KG",
    "Sales": 310.79,
    "Date": "2025-03-24",
    "Platform": "TikTok"
  },
  {
    "Order_ID": "580118029719931572",
    "Category": "ขนมปังกรอบสอดไส้แยมสับปะรด 5 KG",
    "Sales": 315.7,
    "Date": "2025-03-24",
    "Platform": "TikTok"
  },
  {
    "Order_ID": "580118017823509462",
    "Category": "ขนมปังกรอบสอดไส้แยมสับปะรด 5 KG",
    "Sales": 315.7,
    "Date": "2025-03-24",
    "Platform": "TikTok"
  },
  {
    "Order_ID": "580115131000784913",
    "Category": "ขนมขาไก่รสดั้งเดิม  5 KG",
    "Sales": 327.78,
    "Date": "2025-03-24",
    "Platform": "TikTok"
  },
  {
    "Order_ID": "580115017361492162",
    "Category": "ทับทิมทองทรงเครื่อง 5 รส  5.5 KG",
    "Sales": 308.14,
    "Date": "2025-03-24",
    "Platform": "TikTok"
  },
  {
    "Order_ID": "580114986202270668",
    "Category": "ขาไก่ทรงเครื่อง 5 รส  5 KG",
    "Sales": 616.28,
    "Date": "2025-03-24",
    "Platform": "TikTok"
  },
  {
    "Order_ID": "580114986202270668",
    "Category": "ขนมขาไก่รสดั้งเดิม  5 KG",
    "Sales": 0.0,
    "Date": "2025-03-24",
    "Platform": "TikTok"
  },
  {
    "Order_ID": "580113320883685823",
    "Category": "ขนมปังกรอบรสงา 5 KG",
    "Sales": 291.92,
    "Date": "2025-03-23",
    "Platform": "TikTok"
  },
  {
    "Order_ID": "580113023858673841",
    "Category": "ขนมปังกรอบรสมะพร้าว 5 KG",
    "Sales": 291.92,
    "Date": "2025-03-23",
    "Platform": "TikTok"
  },
  {
    "Order_ID": "580112716979013917",
    "Category": "ขนมขาไก่รสดั้งเดิม  5 KG",
    "Sales": 308.14,
    "Date": "2025-03-23",
    "Platform": "TikTok"
  },
  {
    "Order_ID": "580111721766422903",
    "Category": "ขาไก่ทรงเครื่อง 5 รส  5 KG",
    "Sales": 327.14,
    "Date": "2025-03-23",
    "Platform": "TikTok"
  },
  {
    "Order_ID": "580110942601972094",
    "Category": "คุกกี้ก้นหอยสอดไส้ครีมกลิ่นกาแฟ 5 KG",
    "Sales": 299.23,
    "Date": "2025-03-22",
    "Platform": "TikTok"
  },
  {
    "Order_ID": "580110611067734901",
    "Category": "ขาไก่ทรงเครื่อง 5 รส  5 KG",
    "Sales": 327.72,
    "Date": "2025-03-22",
    "Platform": "TikTok"
  },
  {
    "Order_ID": "580108736117836028",
    "Category": "ขาไก่ทรงเครื่อง 5 รส  5 KG",
    "Sales": 292.74,
    "Date": "2025-03-22",
    "Platform": "TikTok"
  },
  {
    "Order_ID": "580105989006919700",
    "Category": "ทับทิมทองทรงเครื่อง 5 รส  5.5 KG",
    "Sales": 327.59,
    "Date": "2025-03-21",
    "Platform": "TikTok"
  },
  {
    "Order_ID": "580102991356726214",
    "Category": "ขนมปังกรอบสอดไส้แยมสับปะรด 5 KG",
    "Sales": 309.92,
    "Date": "2025-03-20",
    "Platform": "TikTok"
  },
  {
    "Order_ID": "580101687279192333",
    "Category": "ขนมปังกรอบสอดไส้แยมสับปะรด 5 KG",
    "Sales": 310.41,
    "Date": "2025-03-20",
    "Platform": "TikTok"
  },
  {
    "Order_ID": "580101605324589104",
    "Category": "ขาไก่ทรงเครื่อง 5 รส  5 KG",
    "Sales": 327.14,
    "Date": "2025-03-20",
    "Platform": "TikTok"
  },
  {
    "Order_ID": "580099772801125146",
    "Category": "ขนมปังกรอบรสงา 5 KG",
    "Sales": 291.92,
    "Date": "2025-03-19",
    "Platform": "TikTok"
  },
  {
    "Order_ID": "580099651099134694",
    "Category": "ขนมปังกรอบรสงา 5 KG",
    "Sales": 309.92,
    "Date": "2025-03-19",
    "Platform": "TikTok"
  },
  {
    "Order_ID": "580098039051618800",
    "Category": "ขนมปังกรอบรสงา 5 KG",
    "Sales": 291.47,
    "Date": "2025-03-19",
    "Platform": "TikTok"
  },
  {
    "Order_ID": "580096455545096209",
    "Category": "ขนมปังกรอบสอดไส้แยมสับปะรด 5 KG",
    "Sales": 309.92,
    "Date": "2025-03-18",
    "Platform": "TikTok"
  },
  {
    "Order_ID": "580095963609991410",
    "Category": "ขนมปังกรอบรสมะพร้าว 5 KG",
    "Sales": 291.92,
    "Date": "2025-03-18",
    "Platform": "TikTok"
  },
  {
    "Order_ID": "580094778154912309",
    "Category": "ขนมปังกรอบรสมะพร้าว 5 KG",
    "Sales": 291.92,
    "Date": "2025-03-18",
    "Platform": "TikTok"
  },
  {
    "Order_ID": "580094172880538342",
    "Category": "ขนมปังกรอบรสมะพร้าว 5 KG",
    "Sales": 309.92,
    "Date": "2025-03-18",
    "Platform": "TikTok"
  },
  {
    "Order_ID": "580091478340503952",
    "Category": "ขาไก่ทรงเครื่อง 5 รส  5 KG",
    "Sales": 327.14,
    "Date": "2025-03-17",
    "Platform": "TikTok"
  },
  {
    "Order_ID": "580091480058071440",
    "Category": "ขนมขาไก่รสดั้งเดิม  5 KG",
    "Sales": 327.14,
    "Date": "2025-03-17",
    "Platform": "TikTok"
  },
  {
    "Order_ID": "580088906130164046",
    "Category": "คุกกี้ก้นหอยสอดไส้ครีมกลิ่นใบเตย 5 KG",
    "Sales": 627.6,
    "Date": "2025-03-16",
    "Platform": "TikTok"
  },
  {
    "Order_ID": "580088906130164046",
    "Category": "ขนมปังกรอบสอดไส้แยมสับปะรด 5 KG",
    "Sales": 0.0,
    "Date": "2025-03-16",
    "Platform": "TikTok"
  },
  {
    "Order_ID": "580087275715135618",
    "Category": "ขนมปังกรอบรสมะพร้าว 5 KG",
    "Sales": 291.47,
    "Date": "2025-03-16",
    "Platform": "TikTok"
  },
  {
    "Order_ID": "580085614662421240",
    "Category": "ขนมปังกรอบสอดไส้แยมสับปะรด 5 KG",
    "Sales": 309.92,
    "Date": "2025-03-15",
    "Platform": "TikTok"
  },
  {
    "Order_ID": "580084848838674573",
    "Category": "ขนมขาไก่รสดั้งเดิม  5 KG",
    "Sales": 327.14,
    "Date": "2025-03-15",
    "Platform": "TikTok"
  },
  {
    "Order_ID": "580084144371895056",
    "Category": "ขนมปังกรอบรสมะพร้าว 5 KG",
    "Sales": 310.41,
    "Date": "2025-03-15",
    "Platform": "TikTok"
  },
  {
    "Order_ID": "580084041376434971",
    "Category": "ขนมขาไก่รสดั้งเดิม  5 KG",
    "Sales": 308.14,
    "Date": "2025-03-15",
    "Platform": "TikTok"
  },
  {
    "Order_ID": "580083711674321587",
    "Category": "ขาไก่ทรงเครื่อง 5 รส  5 KG",
    "Sales": 327.14,
    "Date": "2025-03-15",
    "Platform": "TikTok"
  },
  {
    "Order_ID": "580083022166657651",
    "Category": "ขนมปังกรอบเค็มรูปเอบีซี 4 KG",
    "Sales": 400.7,
    "Date": "2025-03-14",
    "Platform": "TikTok"
  },
  {
    "Order_ID": "580082784414042117",
    "Category": "ขนมปังกรอบสอดไส้แยมสับปะรด 5 KG",
    "Sales": 309.92,
    "Date": "2025-03-14",
    "Platform": "TikTok"
  },
  {
    "Order_ID": "580082352261598035",
    "Category": "ขนมปังกรอบรสมะพร้าว 5 KG",
    "Sales": 309.47,
    "Date": "2025-03-14",
    "Platform": "TikTok"
  },
  {
    "Order_ID": "580082080798836739",
    "Category": "ขนมขาไก่รสดั้งเดิม  5 KG",
    "Sales": 328.05,
    "Date": "2025-03-14",
    "Platform": "TikTok"
  },
  {
    "Order_ID": "580081481533393027",
    "Category": "ขนมปังกรอบรสงา 5 KG",
    "Sales": 293.16,
    "Date": "2025-03-14",
    "Platform": "TikTok"
  },
  {
    "Order_ID": "580080014690847017",
    "Category": "ทับทิมทองทรงเครื่อง 5 รส  5.5 KG",
    "Sales": 327.14,
    "Date": "2025-03-14",
    "Platform": "TikTok"
  },
  {
    "Order_ID": "580078999483549909",
    "Category": "ขนมปังกรอบรสมะพร้าว 5 KG",
    "Sales": 309.92,
    "Date": "2025-03-13",
    "Platform": "TikTok"
  },
  {
    "Order_ID": "580078912687999149",
    "Category": "ขนมปังกรอบสอดไส้แยมสับปะรด 5 KG",
    "Sales": 309.47,
    "Date": "2025-03-13",
    "Platform": "TikTok"
  },
  {
    "Order_ID": "580077593466734727",
    "Category": "ขนมปังกรอบรสงา 5 KG",
    "Sales": 309.92,
    "Date": "2025-03-13",
    "Platform": "TikTok"
  },
  {
    "Order_ID": "580077411046558678",
    "Category": "ขาไก่ทรงเครื่อง 5 รส  5 KG",
    "Sales": 504.28,
    "Date": "2025-03-13",
    "Platform": "TikTok"
  },
  {
    "Order_ID": "580076114675075618",
    "Category": "ขนมปังกรอบสอดไส้แยมสับปะรด 5 KG",
    "Sales": 469.7,
    "Date": "2025-03-13",
    "Platform": "TikTok"
  },
  {
    "Order_ID": "580074173011036177",
    "Category": "ทับทิมทองทรงเครื่อง 5 รส  5.5 KG",
    "Sales": 309.37,
    "Date": "2025-03-12",
    "Platform": "TikTok"
  },
  {
    "Order_ID": "580071323618413398",
    "Category": "ขาไก่ทรงเครื่อง 5 รส  5 KG",
    "Sales": 308.14,
    "Date": "2025-03-11",
    "Platform": "TikTok"
  },
  {
    "Order_ID": "580071028575079229",
    "Category": "ขนมปังกรอบสอดไส้แยมสับปะรด 5 KG",
    "Sales": 309.92,
    "Date": "2025-03-11",
    "Platform": "TikTok"
  },
  {
    "Order_ID": "580063405768673848",
    "Category": "ขนมปังกรอบรสงา 5 KG",
    "Sales": 309.92,
    "Date": "2025-03-09",
    "Platform": "TikTok"
  },
  {
    "Order_ID": "580061938591173583",
    "Category": "ทับทิมทองทรงเครื่อง 5 รส  5.5 KG",
    "Sales": 292.29,
    "Date": "2025-03-09",
    "Platform": "TikTok"
  },
  {
    "Order_ID": "580060457498020083",
    "Category": "ขนมปังกรอบสอดไส้แยมสับปะรด 5 KG",
    "Sales": 309.92,
    "Date": "2025-03-08",
    "Platform": "TikTok"
  },
  {
    "Order_ID": "580058845045229836",
    "Category": "ขนมขาไก่รสดั้งเดิม  5 KG",
    "Sales": 309.37,
    "Date": "2025-03-08",
    "Platform": "TikTok"
  },
  {
    "Order_ID": "580058303596628038",
    "Category": "ขนมปังกรอบสอดไส้แยมสับปะรด 5 KG",
    "Sales": 293.97,
    "Date": "2025-03-07",
    "Platform": "TikTok"
  },
  {
    "Order_ID": "580055610686081555",
    "Category": "ขนมปังกรอบรสมะพร้าว 5 KG",
    "Sales": 309.92,
    "Date": "2025-03-07",
    "Platform": "TikTok"
  },
  {
    "Order_ID": "580055054036142900",
    "Category": "ขนมปังกรอบสอดไส้แยมสับปะรด 5 KG",
    "Sales": 291.92,
    "Date": "2025-03-06",
    "Platform": "TikTok"
  },
  {
    "Order_ID": "580053604308584648",
    "Category": "ขาไก่ทรงเครื่อง 5 รส  5 KG",
    "Sales": 309.17,
    "Date": "2025-03-06",
    "Platform": "TikTok"
  },
  {
    "Order_ID": "580048571463534867",
    "Category": "ทับทิมทองทรงเครื่อง 5 รส  5.5 KG",
    "Sales": 323.0,
    "Date": "2025-03-05",
    "Platform": "TikTok"
  },
  {
    "Order_ID": "580048171907058340",
    "Category": "ขนมปังกรอบสอดไส้แยมสับปะรด 5 KG",
    "Sales": 294.42,
    "Date": "2025-03-04",
    "Platform": "TikTok"
  },
  {
    "Order_ID": "580048067145796579",
    "Category": "ขนมปังกรอบรสงา 5 KG",
    "Sales": 294.81,
    "Date": "2025-03-04",
    "Platform": "TikTok"
  },
  {
    "Order_ID": "580046555462863325",
    "Category": "ขนมขาไก่รสดั้งเดิม  5 KG",
    "Sales": 470.28,
    "Date": "2025-03-04",
    "Platform": "TikTok"
  },
  {
    "Order_ID": "580046555462863325",
    "Category": "ขนมปังกรอบสอดไส้แยมสับปะรด 5 KG",
    "Sales": 0.0,
    "Date": "2025-03-04",
    "Platform": "TikTok"
  },
  {
    "Order_ID": "580046458465454584",
    "Category": "ขนมปังกรอบสอดไส้แยมสับปะรด 5 KG",
    "Sales": 291.92,
    "Date": "2025-03-04",
    "Platform": "TikTok"
  },
  {
    "Order_ID": "580045264724265188",
    "Category": "ขนมปังกรอบสอดไส้แยมสับปะรด 5 KG",
    "Sales": 309.92,
    "Date": "2025-03-04",
    "Platform": "TikTok"
  },
  {
    "Order_ID": "580044520408647769",
    "Category": "ขนมปังกรอบสอดไส้แยมสับปะรด 5 KG",
    "Sales": 295.61,
    "Date": "2025-03-03",
    "Platform": "TikTok"
  },
  {
    "Order_ID": "580044188568947256",
    "Category": "ขาไก่ทรงเครื่อง 5 รส  5 KG",
    "Sales": 574.95,
    "Date": "2025-03-03",
    "Platform": "TikTok"
  },
  {
    "Order_ID": "580044188568947256",
    "Category": "ขนมปังกรอบสอดไส้แยมสับปะรด 5 KG",
    "Sales": 0.0,
    "Date": "2025-03-03",
    "Platform": "TikTok"
  },
  {
    "Order_ID": "580043932814904080",
    "Category": "ขนมปังกรอบสอดไส้แยมสับปะรด 5 KG",
    "Sales": 295.29,
    "Date": "2025-03-03",
    "Platform": "TikTok"
  },
  {
    "Order_ID": "580043787672783223",
    "Category": "ขนมปังกรอบสอดไส้แยมสับปะรด 5 KG",
    "Sales": 295.29,
    "Date": "2025-03-03",
    "Platform": "TikTok"
  },
  {
    "Order_ID": "580042644312328480",
    "Category": "ทับทิมทองทรงเครื่อง 5 รส  5.5 KG",
    "Sales": 590.62,
    "Date": "2025-03-03",
    "Platform": "TikTok"
  },
  {
    "Order_ID": "580042644312328480",
    "Category": "ขาไก่ทรงเครื่อง 5 รส  5 KG",
    "Sales": 0.0,
    "Date": "2025-03-03",
    "Platform": "TikTok"
  },
  {
    "Order_ID": "580042612615449567",
    "Category": "ขนมปังกรอบสอดไส้แยมสับปะรด 5 KG",
    "Sales": 280.53,
    "Date": "2025-03-03",
    "Platform": "TikTok"
  },
  {
    "Order_ID": "580042598510988162",
    "Category": "ขนมปังกรอบสอดไส้แยมสับปะรด 5 KG",
    "Sales": 531.66,
    "Date": "2025-03-03",
    "Platform": "TikTok"
  },
  {
    "Order_ID": "580042577540516035",
    "Category": "ขนมปังกรอบสอดไส้แยมสับปะรด 5 KG",
    "Sales": 281.01,
    "Date": "2025-03-03",
    "Platform": "TikTok"
  },
  {
    "Order_ID": "580042550335736618",
    "Category": "ขนมปังกรอบรสงา 5 KG",
    "Sales": 265.47,
    "Date": "2025-03-03",
    "Platform": "TikTok"
  },
  {
    "Order_ID": "580042476860770812",
    "Category": "ขนมปังกรอบสอดไส้แยมสับปะรด 5 KG",
    "Sales": 280.53,
    "Date": "2025-03-03",
    "Platform": "TikTok"
  },
  {
    "Order_ID": "580042295845095905",
    "Category": "ขนมขาไก่รสดั้งเดิม  5 KG",
    "Sales": 294.42,
    "Date": "2025-03-03",
    "Platform": "TikTok"
  },
  {
    "Order_ID": "580042234608323089",
    "Category": "ขนมขาไก่รสดั้งเดิม  5 KG",
    "Sales": 294.81,
    "Date": "2025-03-03",
    "Platform": "TikTok"
  },
  {
    "Order_ID": "580042108592097893",
    "Category": "ขนมปังกรอบรสงา 5 KG",
    "Sales": 294.08,
    "Date": "2025-03-03",
    "Platform": "TikTok"
  },
  {
    "Order_ID": "580042094641318501",
    "Category": "ขนมปังกรอบสอดไส้แยมสับปะรด 5 KG",
    "Sales": 294.08,
    "Date": "2025-03-03",
    "Platform": "TikTok"
  },
  {
    "Order_ID": "580041786958187251",
    "Category": "ขนมปังกรอบสอดไส้แยมสับปะรด 5 KG",
    "Sales": 281.26,
    "Date": "2025-03-03",
    "Platform": "TikTok"
  },
  {
    "Order_ID": "580041733908564273",
    "Category": "ขนมปังกรอบสอดไส้แยมสับปะรด 5 KG",
    "Sales": 280.53,
    "Date": "2025-03-03",
    "Platform": "TikTok"
  },
  {
    "Order_ID": "580041669738203206",
    "Category": "ขนมปังกรอบสอดไส้แยมสับปะรด 5 KG",
    "Sales": 280.53,
    "Date": "2025-03-03",
    "Platform": "TikTok"
  },
  {
    "Order_ID": "580041360155773318",
    "Category": "ขนมปังกรอบสอดไส้แยมสับปะรด 5 KG",
    "Sales": 280.85,
    "Date": "2025-03-03",
    "Platform": "TikTok"
  },
  {
    "Order_ID": "580041013098219783",
    "Category": "ขนมปังกรอบรสมะพร้าว 5 KG",
    "Sales": -282.76,
    "Date": "2025-03-03",
    "Platform": "TikTok"
  },
  {
    "Order_ID": "580041013098219783",
    "Category": "ขนมปังกรอบรสงา 5 KG",
    "Sales": 0.0,
    "Date": "2025-03-03",
    "Platform": "TikTok"
  },
  {
    "Order_ID": "580041013098219783",
    "Category": "สอดไส้ครีมกลิ่นวานิลลา",
    "Sales": 0.0,
    "Date": "2025-03-03",
    "Platform": "TikTok"
  },
  {
    "Order_ID": "580041011549014881",
    "Category": "ขนมปังกรอบสอดไส้แยมสับปะรด 5 KG",
    "Sales": 280.53,
    "Date": "2025-03-03",
    "Platform": "TikTok"
  },
  {
    "Order_ID": "580040734076341229",
    "Category": "ขนมปังกรอบสอดไส้แยมสับปะรด 5 KG",
    "Sales": 561.62,
    "Date": "2025-03-02",
    "Platform": "TikTok"
  },
  {
    "Order_ID": "580040516014738377",
    "Category": "ขาไก่ทรงเครื่อง 5 รส  5 KG",
    "Sales": 294.42,
    "Date": "2025-03-02",
    "Platform": "TikTok"
  },
  {
    "Order_ID": "580040322408614544",
    "Category": "คุกกี้ก้นหอยสอดไส้ครีมกลิ่นใบเตย 5 KG",
    "Sales": 288.37,
    "Date": "2025-03-02",
    "Platform": "TikTok"
  },
  {
    "Order_ID": "580040061080931089",
    "Category": "ขนมปังกรอบสอดไส้แยมสับปะรด 5 KG",
    "Sales": 281.01,
    "Date": "2025-03-02",
    "Platform": "TikTok"
  },
  {
    "Order_ID": "580039874565671668",
    "Category": "ขนมปังกรอบสอดไส้แยมสับปะรด 5 KG",
    "Sales": 562.0,
    "Date": "2025-03-02",
    "Platform": "TikTok"
  },
  {
    "Order_ID": "580039842663991342",
    "Category": "ขนมปังกรอบสอดไส้แยมสับปะรด 5 KG",
    "Sales": 280.53,
    "Date": "2025-03-02",
    "Platform": "TikTok"
  },
  {
    "Order_ID": "580039824152234332",
    "Category": "ขนมปังกรอบสอดไส้แยมสับปะรด 5 KG",
    "Sales": 280.53,
    "Date": "2025-03-02",
    "Platform": "TikTok"
  },
  {
    "Order_ID": "580039822650018122",
    "Category": "ขาไก่ทรงเครื่อง 5 รส  5 KG",
    "Sales": 397.95,
    "Date": "2025-03-02",
    "Platform": "TikTok"
  },
  {
    "Order_ID": "580039793352804714",
    "Category": "ขนมขาไก่รสดั้งเดิม  5 KG",
    "Sales": 294.42,
    "Date": "2025-03-02",
    "Platform": "TikTok"
  },
  {
    "Order_ID": "580039770333874845",
    "Category": "ขาไก่ทรงเครื่อง 5 รส  5 KG",
    "Sales": 277.32,
    "Date": "2025-03-02",
    "Platform": "TikTok"
  },
  {
    "Order_ID": "580039197513648243",
    "Category": "ขนมปังกรอบสอดไส้แยมสับปะรด 5 KG",
    "Sales": 229.0,
    "Date": "2025-03-02",
    "Platform": "TikTok"
  },
  {
    "Order_ID": "580039199466359010",
    "Category": "ทับทิมทองทรงเครื่อง 5 รส  5.5 KG",
    "Sales": 294.42,
    "Date": "2025-03-02",
    "Platform": "TikTok"
  },
  {
    "Order_ID": "580039053336611707",
    "Category": "ทับทิมทองทรงเครื่อง 5 รส  5.5 KG",
    "Sales": 294.42,
    "Date": "2025-03-02",
    "Platform": "TikTok"
  },
  {
    "Order_ID": "580038747981777641",
    "Category": "ขนมปังกรอบสอดไส้แยมสับปะรด 5 KG",
    "Sales": 265.47,
    "Date": "2025-03-02",
    "Platform": "TikTok"
  },
  {
    "Order_ID": "580038734264634234",
    "Category": "ขนมปังกรอบสอดไส้แยมสับปะรด 5 KG",
    "Sales": 265.47,
    "Date": "2025-03-02",
    "Platform": "TikTok"
  },
  {
    "Order_ID": "580038733500025744",
    "Category": "ขนมปังกรอบสอดไส้แยมสับปะรด 5 KG",
    "Sales": 265.47,
    "Date": "2025-03-02",
    "Platform": "TikTok"
  },
  {
    "Order_ID": "580038665633827140",
    "Category": "สอดไส้ครีมกลิ่นวานิลลา",
    "Sales": 287.89,
    "Date": "2025-03-02",
    "Platform": "TikTok"
  },
  {
    "Order_ID": "580038624008440035",
    "Category": "ทับทิมทองทรงเครื่อง 5 รส  5.5 KG",
    "Sales": 244.76,
    "Date": "2025-03-02",
    "Platform": "TikTok"
  },
  {
    "Order_ID": "580038605247252707",
    "Category": "ขนมปังกรอบรสงา 5 KG",
    "Sales": 244.35,
    "Date": "2025-03-02",
    "Platform": "TikTok"
  },
  {
    "Order_ID": "580038375762004737",
    "Category": "ขนมปังกรอบรสงา 5 KG",
    "Sales": 280.08,
    "Date": "2025-03-02",
    "Platform": "TikTok"
  },
  {
    "Order_ID": "580038355985533697",
    "Category": "สอดไส้ครีมกลิ่นวานิลลา",
    "Sales": 287.89,
    "Date": "2025-03-02",
    "Platform": "TikTok"
  },
  {
    "Order_ID": "580038343873694465",
    "Category": "ขนมปังกรอบสอดไส้แยมสับปะรด 5 KG",
    "Sales": 280.53,
    "Date": "2025-03-02",
    "Platform": "TikTok"
  },
  {
    "Order_ID": "580038341680794369",
    "Category": "ขนมปังกรอบสอดไส้แยมสับปะรด 5 KG",
    "Sales": 280.53,
    "Date": "2025-03-02",
    "Platform": "TikTok"
  },
  {
    "Order_ID": "580038116151298773",
    "Category": "คุกกี้ก้นหอยสอดไส้ครีมกลิ่นใบเตย 5 KG",
    "Sales": 301.44,
    "Date": "2025-03-02",
    "Platform": "TikTok"
  },
  {
    "Order_ID": "580038115862088405",
    "Category": "ขนมปังกรอบรสมะพร้าว 5 KG",
    "Sales": 294.08,
    "Date": "2025-03-02",
    "Platform": "TikTok"
  },
  {
    "Order_ID": "580038095605631701",
    "Category": "ขนมปังกรอบสอดไส้แยมสับปะรด 5 KG",
    "Sales": 280.53,
    "Date": "2025-03-02",
    "Platform": "TikTok"
  },
  {
    "Order_ID": "580037490151360804",
    "Category": "ขนมขาไก่รสดั้งเดิม  5 KG",
    "Sales": 424.95,
    "Date": "2025-03-02",
    "Platform": "TikTok"
  },
  {
    "Order_ID": "580037490151360804",
    "Category": "ขนมปังกรอบสอดไส้แยมสับปะรด 5 KG",
    "Sales": 0.0,
    "Date": "2025-03-02",
    "Platform": "TikTok"
  },
  {
    "Order_ID": "580037275308427866",
    "Category": "ขนมปังกรอบสอดไส้แยมสับปะรด 5 KG",
    "Sales": 264.24,
    "Date": "2025-03-02",
    "Platform": "TikTok"
  },
  {
    "Order_ID": "580036676516088410",
    "Category": "ขนมปังกรอบสอดไส้แยมสับปะรด 5 KG",
    "Sales": 426.62,
    "Date": "2025-03-02",
    "Platform": "TikTok"
  },
  {
    "Order_ID": "580035910781275003",
    "Category": "ขนมปังกรอบรสงา 5 KG",
    "Sales": 427.5,
    "Date": "2025-03-01",
    "Platform": "TikTok"
  },
  {
    "Order_ID": "580035799860022108",
    "Category": "สอดไส้ครีมกลิ่นวานิลลา",
    "Sales": 287.89,
    "Date": "2025-03-01",
    "Platform": "TikTok"
  },
  {
    "Order_ID": "580035627644586530",
    "Category": "ขนมปังกรอบสอดไส้แยมสับปะรด 5 KG",
    "Sales": 280.53,
    "Date": "2025-03-01",
    "Platform": "TikTok"
  },
  {
    "Order_ID": "580035317216348477",
    "Category": "ขนมขาไก่รสดั้งเดิม  5 KG",
    "Sales": 294.74,
    "Date": "2025-03-01",
    "Platform": "TikTok"
  },
  {
    "Order_ID": "580035133776824618",
    "Category": "สอดไส้ครีมกลิ่นวานิลลา",
    "Sales": 870.5,
    "Date": "2025-03-01",
    "Platform": "TikTok"
  },
  {
    "Order_ID": "580035133776824618",
    "Category": "ขาไก่ทรงเครื่อง 5 รส  5 KG",
    "Sales": 0.0,
    "Date": "2025-03-01",
    "Platform": "TikTok"
  },
  {
    "Order_ID": "580035133776824618",
    "Category": "คุกกี้ก้นหอยสอดไส้ครีมกลิ่นใบเตย 5 KG",
    "Sales": 0.0,
    "Date": "2025-03-01",
    "Platform": "TikTok"
  },
  {
    "Order_ID": "580034591543495595",
    "Category": "ขนมปังกรอบสอดไส้แยมสับปะรด 5 KG",
    "Sales": 280.53,
    "Date": "2025-03-01",
    "Platform": "TikTok"
  },
  {
    "Order_ID": "580034462276880522",
    "Category": "ขนมปังกรอบรสมะพร้าว 5 KG",
    "Sales": 280.92,
    "Date": "2025-03-01",
    "Platform": "TikTok"
  },
  {
    "Order_ID": "580034154748414090",
    "Category": "ขนมปังกรอบรสมะพร้าว 5 KG",
    "Sales": 0.0,
    "Date": "2025-03-01",
    "Platform": "TikTok"
  },
  {
    "Order_ID": "580034060689115385",
    "Category": "ขนมปังกรอบสอดไส้แยมสับปะรด 5 KG",
    "Sales": 280.08,
    "Date": "2025-03-01",
    "Platform": "TikTok"
  },
  {
    "Order_ID": "580033912080730718",
    "Category": "ขนมปังกรอบสอดไส้แยมสับปะรด 5 KG",
    "Sales": 280.53,
    "Date": "2025-03-01",
    "Platform": "TikTok"
  },
  {
    "Order_ID": "580033851742063520",
    "Category": "ขนมปังกรอบสอดไส้แยมสับปะรด 5 KG",
    "Sales": 265.47,
    "Date": "2025-03-01",
    "Platform": "TikTok"
  },
  {
    "Order_ID": "580033431498820544",
    "Category": "ขนมปังกรอบรสงา 5 KG",
    "Sales": 264.24,
    "Date": "2025-03-01",
    "Platform": "TikTok"
  },
  {
    "Order_ID": "580032746463529957",
    "Category": "คุกกี้ก้นหอยสอดไส้ครีมกลิ่นทุเรียน 5 KG",
    "Sales": 287.89,
    "Date": "2025-02-28",
    "Platform": "TikTok"
  },
  {
    "Order_ID": "580032143930264196",
    "Category": "ขนมปังกรอบสอดไส้แยมสับปะรด 5 KG",
    "Sales": 286.95,
    "Date": "2025-02-28",
    "Platform": "TikTok"
  },
  {
    "Order_ID": "580030029774686453",
    "Category": "ขนมปังกรอบรสงา 5 KG",
    "Sales": 278.8,
    "Date": "2025-02-28",
    "Platform": "TikTok"
  },
  {
    "Order_ID": "580023924907870984",
    "Category": "ขนมปังกรอบสอดไส้แยมสับปะรด 5 KG",
    "Sales": 278.31,
    "Date": "2025-02-27",
    "Platform": "TikTok"
  },
  {
    "Order_ID": "580016511103961218",
    "Category": "ขนมขาไก่รสดั้งเดิม  5 KG",
    "Sales": 347.47,
    "Date": "2025-02-25",
    "Platform": "TikTok"
  },
  {
    "Order_ID": "580008770492467376",
    "Category": "ขนมปังกรอบเค็มรูปเอบีซี 4 KG",
    "Sales": 258.27,
    "Date": "2025-02-24",
    "Platform": "TikTok"
  },
  {
    "Order_ID": "580006848807209312",
    "Category": "ทับทิมทองทรงเครื่อง 5 รส  5.5 KG",
    "Sales": 327.62,
    "Date": "2025-02-24",
    "Platform": "TikTok"
  },
  {
    "Order_ID": "580006710108785439",
    "Category": "สอดไส้ครีมกลิ่นวานิลลา",
    "Sales": 299.23,
    "Date": "2025-02-24",
    "Platform": "TikTok"
  },
  {
    "Order_ID": "580006708566723359",
    "Category": "คุกกี้ก้นหอยสอดไส้ครีมกลิ่นทุเรียน 5 KG",
    "Sales": 299.23,
    "Date": "2025-02-24",
    "Platform": "TikTok"
  },
  {
    "Order_ID": "580000662795552898",
    "Category": "ขนมปังกรอบรสมะพร้าว 5 KG",
    "Sales": 291.47,
    "Date": "2025-02-22",
    "Platform": "TikTok"
  },
  {
    "Order_ID": "580000484198681211",
    "Category": "ขนมปังกรอบสอดไส้แยมสับปะรด 5 KG",
    "Sales": 309.92,
    "Date": "2025-02-22",
    "Platform": "TikTok"
  },
  {
    "Order_ID": "580000204657887535",
    "Category": "ขนมปังกรอบรสมะพร้าว 5 KG",
    "Sales": 309.92,
    "Date": "2025-02-22",
    "Platform": "TikTok"
  },
  {
    "Order_ID": "580000117687617639",
    "Category": "ขาไก่ทรงเครื่อง 5 รส  5 KG",
    "Sales": 308.14,
    "Date": "2025-02-22",
    "Platform": "TikTok"
  },
  {
    "Order_ID": "579999927605496221",
    "Category": "ขาไก่ทรงเครื่อง 5 รส  5 KG",
    "Sales": 327.14,
    "Date": "2025-02-22",
    "Platform": "TikTok"
  },
  {
    "Order_ID": "579999703407626982",
    "Category": "ขนมปังกรอบรสมะพร้าว 5 KG",
    "Sales": 309.92,
    "Date": "2025-02-22",
    "Platform": "TikTok"
  },
  {
    "Order_ID": "579998613829618500",
    "Category": "ขนมปังกรอบสอดไส้แยมสับปะรด 5 KG",
    "Sales": 309.92,
    "Date": "2025-02-21",
    "Platform": "TikTok"
  },
  {
    "Order_ID": "579996905481210771",
    "Category": "ขนมปังกรอบสอดไส้แยมสับปะรด 5 KG",
    "Sales": 309.92,
    "Date": "2025-02-21",
    "Platform": "TikTok"
  },
  {
    "Order_ID": "579996514760230949",
    "Category": "ขนมปังกรอบเค็มรูปเอบีซี 4 KG",
    "Sales": 258.27,
    "Date": "2025-02-21",
    "Platform": "TikTok"
  },
  {
    "Order_ID": "579995520558925894",
    "Category": "ขนมปังกรอบสอดไส้แยมสับปะรด 5 KG",
    "Sales": 310.89,
    "Date": "2025-02-20",
    "Platform": "TikTok"
  },
  {
    "Order_ID": "579995526316919079",
    "Category": "ขาไก่ทรงเครื่อง 5 รส  5 KG",
    "Sales": 311.02,
    "Date": "2025-02-20",
    "Platform": "TikTok"
  },
  {
    "Order_ID": "579994471223625765",
    "Category": "ขาไก่ทรงเครื่อง 5 รส  5 KG",
    "Sales": 327.14,
    "Date": "2025-02-20",
    "Platform": "TikTok"
  },
  {
    "Order_ID": "579993236911721075",
    "Category": "ขนมปังกรอบสอดไส้แยมสับปะรด 5 KG",
    "Sales": 929.77,
    "Date": "2025-02-20",
    "Platform": "TikTok"
  },
  {
    "Order_ID": "579993176506665899",
    "Category": "ขนมปังกรอบสอดไส้แยมสับปะรด 5 KG",
    "Sales": 291.92,
    "Date": "2025-02-20",
    "Platform": "TikTok"
  },
  {
    "Order_ID": "579991971430304465",
    "Category": "โฟกัส ข้าวโพดอบกรอบ รสคาราเมล  75 G",
    "Sales": 154.96,
    "Date": "2025-02-19",
    "Platform": "TikTok"
  },
  {
    "Order_ID": "579991491561556109",
    "Category": "ขนมปังกรอบเค็มรูปเอบีซี 4 KG",
    "Sales": 258.27,
    "Date": "2025-02-19",
    "Platform": "TikTok"
  },
  {
    "Order_ID": "579991382903262181",
    "Category": "ขนมปังกรอบสอดไส้แยมสับปะรด 5 KG",
    "Sales": 310.05,
    "Date": "2025-02-19",
    "Platform": "TikTok"
  },
  {
    "Order_ID": "579990990633077293",
    "Category": "ขนมปังกรอบสอดไส้แยมสับปะรด 5 KG",
    "Sales": 1841.52,
    "Date": "2025-02-19",
    "Platform": "TikTok"
  },
  {
    "Order_ID": "579990368269273838",
    "Category": "ทับทิมทองทรงเครื่อง 5 รส  5.5 KG",
    "Sales": 308.14,
    "Date": "2025-02-19",
    "Platform": "TikTok"
  },
  {
    "Order_ID": "579990237463939273",
    "Category": "สอดไส้ครีมกลิ่นวานิลลา",
    "Sales": 317.68,
    "Date": "2025-02-19",
    "Platform": "TikTok"
  },
  {
    "Order_ID": "579989873876764972",
    "Category": "ขาไก่ทรงเครื่อง 5 รส  5 KG",
    "Sales": 308.14,
    "Date": "2025-02-19",
    "Platform": "TikTok"
  },
  {
    "Order_ID": "579988409405638971",
    "Category": "ขนมปังกรอบสอดไส้แยมสับปะรด 5 KG",
    "Sales": 309.92,
    "Date": "2025-02-18",
    "Platform": "TikTok"
  },
  {
    "Order_ID": "579987590767283017",
    "Category": "ขนมปังกรอบรสงา 5 KG",
    "Sales": 310.5,
    "Date": "2025-02-18",
    "Platform": "TikTok"
  },
  {
    "Order_ID": "579987383459481777",
    "Category": "คุกกี้แซนวิสสอดไส้ครีมกลิ่นช็อกโกแลต 5 KG",
    "Sales": 299.23,
    "Date": "2025-02-18",
    "Platform": "TikTok"
  },
  {
    "Order_ID": "579985847850011116",
    "Category": "ขนมปังกรอบสอดไส้แยมสับปะรด 5 KG",
    "Sales": 310.37,
    "Date": "2025-02-17",
    "Platform": "TikTok"
  },
  {
    "Order_ID": "579984535988112366",
    "Category": "ทับทิมทองทรงเครื่อง 5 รส  5.5 KG",
    "Sales": 308.98,
    "Date": "2025-02-17",
    "Platform": "TikTok"
  },
  {
    "Order_ID": "579984429208079088",
    "Category": "ขาไก่ทรงเครื่อง 5 รส  5 KG",
    "Sales": 327.14,
    "Date": "2025-02-17",
    "Platform": "TikTok"
  },
  {
    "Order_ID": "579983431675185189",
    "Category": "ขนมปังกรอบสอดไส้แยมสับปะรด 5 KG",
    "Sales": 291.92,
    "Date": "2025-02-17",
    "Platform": "TikTok"
  },
  {
    "Order_ID": "579983419386333662",
    "Category": "ทับทิมทองทรงเครื่อง 5 รส  5.5 KG",
    "Sales": 308.14,
    "Date": "2025-02-17",
    "Platform": "TikTok"
  },
  {
    "Order_ID": "579981434883705552",
    "Category": "ขนมปังกรอบรสมะพร้าว 5 KG",
    "Sales": 309.47,
    "Date": "2025-02-16",
    "Platform": "TikTok"
  },
  {
    "Order_ID": "579978648835754443",
    "Category": "ขนมปังกรอบรสงา 5 KG",
    "Sales": 291.92,
    "Date": "2025-02-15",
    "Platform": "TikTok"
  },
  {
    "Order_ID": "579977913743608051",
    "Category": "ขนมปังกรอบสอดไส้แยมสับปะรด 5 KG",
    "Sales": 309.92,
    "Date": "2025-02-15",
    "Platform": "TikTok"
  },
  {
    "Order_ID": "579974713218206069",
    "Category": "ทับทิมทองทรงเครื่อง 5 รส  5.5 KG",
    "Sales": 327.14,
    "Date": "2025-02-14",
    "Platform": "TikTok"
  },
  {
    "Order_ID": "579974640880749510",
    "Category": "ขนมปังกรอบสอดไส้แยมสับปะรด 5 KG",
    "Sales": 586.31,
    "Date": "2025-02-14",
    "Platform": "TikTok"
  },
  {
    "Order_ID": "579974524292139035",
    "Category": "ขนมปังกรอบรสงา 5 KG",
    "Sales": 309.92,
    "Date": "2025-02-14",
    "Platform": "TikTok"
  },
  {
    "Order_ID": "579974037605091460",
    "Category": "สอดไส้ครีมกลิ่นวานิลลา",
    "Sales": 317.68,
    "Date": "2025-02-14",
    "Platform": "TikTok"
  },
  {
    "Order_ID": "579973665095191244",
    "Category": "ขนมปังกรอบสอดไส้แยมสับปะรด 5 KG",
    "Sales": 241.05,
    "Date": "2025-02-14",
    "Platform": "TikTok"
  },
  {
    "Order_ID": "579973665095191244",
    "Category": "ขนมขาไก่ทรงเครื่อง 5 รส 1.2 KG",
    "Sales": 0.0,
    "Date": "2025-02-14",
    "Platform": "TikTok"
  },
  {
    "Order_ID": "579973608012220590",
    "Category": "ขาไก่ทรงเครื่อง 5 รส  5 KG",
    "Sales": 327.72,
    "Date": "2025-02-14",
    "Platform": "TikTok"
  },
  {
    "Order_ID": "579972328078346520",
    "Category": "ขนมปังกรอบสอดไส้แยมสับปะรด 5 KG",
    "Sales": 309.92,
    "Date": "2025-02-13",
    "Platform": "TikTok"
  },
  {
    "Order_ID": "579972060935850255",
    "Category": "ขาไก่ทรงเครื่อง 5 รส  5 KG",
    "Sales": 327.14,
    "Date": "2025-02-13",
    "Platform": "TikTok"
  },
  {
    "Order_ID": "579970776900078534",
    "Category": "ขนมปังกรอบสอดไส้แยมสับปะรด 5 KG",
    "Sales": 309.92,
    "Date": "2025-02-13",
    "Platform": "TikTok"
  },
  {
    "Order_ID": "579970497696860597",
    "Category": "ขนมปังกรอบเค็มรูปเอบีซี 4 KG",
    "Sales": 258.27,
    "Date": "2025-02-13",
    "Platform": "TikTok"
  },
  {
    "Order_ID": "579969860093053258",
    "Category": "ขนมขาไก่รสดั้งเดิม  5 KG",
    "Sales": 494.68,
    "Date": "2025-02-13",
    "Platform": "TikTok"
  },
  {
    "Order_ID": "579969860093053258",
    "Category": "ขาไก่ทรงเครื่อง 5 รส  5 KG",
    "Sales": 0.0,
    "Date": "2025-02-13",
    "Platform": "TikTok"
  },
  {
    "Order_ID": "579967972538681730",
    "Category": "ขนมปังกรอบสอดไส้แยมสับปะรด 5 KG",
    "Sales": 310.5,
    "Date": "2025-02-12",
    "Platform": "TikTok"
  },
  {
    "Order_ID": "579967359468013778",
    "Category": "ทับทิมทองทรงเครื่อง 5 รส  5.5 KG",
    "Sales": 307.69,
    "Date": "2025-02-12",
    "Platform": "TikTok"
  },
  {
    "Order_ID": "579965513610070673",
    "Category": "สอดไส้ครีมกลิ่นวานิลลา",
    "Sales": 299.18,
    "Date": "2025-02-11",
    "Platform": "TikTok"
  },
  {
    "Order_ID": "579965509970725521",
    "Category": "คุกกี้แซนวิสสอดไส้ครีมกลิ่นช็อกโกแลต 5 KG",
    "Sales": 299.18,
    "Date": "2025-02-11",
    "Platform": "TikTok"
  },
  {
    "Order_ID": "579965413268621731",
    "Category": "ขนมปังกรอบเค็มรูปเอบีซี 4 KG",
    "Sales": 258.27,
    "Date": "2025-02-11",
    "Platform": "TikTok"
  },
  {
    "Order_ID": "579962485295319793",
    "Category": "ขนมปังกรอบเค็มรูปเอบีซี 4 KG",
    "Sales": 258.27,
    "Date": "2025-02-10",
    "Platform": "TikTok"
  },
  {
    "Order_ID": "579959405837322656",
    "Category": "คุกกี้ก้นหอยสอดไส้ครีมกลิ่นใบเตย 5 KG",
    "Sales": 318.0,
    "Date": "2025-02-10",
    "Platform": "TikTok"
  },
  {
    "Order_ID": "579957677335218881",
    "Category": "ขนมปังกรอบรสงา 5 KG",
    "Sales": 309.92,
    "Date": "2025-02-09",
    "Platform": "TikTok"
  },
  {
    "Order_ID": "579957150469032390",
    "Category": "ขาไก่ทรงเครื่อง 5 รส  5 KG",
    "Sales": 327.14,
    "Date": "2025-02-09",
    "Platform": "TikTok"
  },
  {
    "Order_ID": "579956867567618210",
    "Category": "ขนมปังกรอบสอดไส้แยมสับปะรด 5 KG",
    "Sales": 292.31,
    "Date": "2025-02-09",
    "Platform": "TikTok"
  },
  {
    "Order_ID": "579956775481870362",
    "Category": "คุกกี้ก้นหอยสอดไส้ครีมกลิ่นใบเตย 5 KG",
    "Sales": 317.68,
    "Date": "2025-02-09",
    "Platform": "TikTok"
  },
  {
    "Order_ID": "579954329195416214",
    "Category": "แดกู+ปังไก่ รสดั้งเดิม+ฮอตโทเมโท+วิงซ์แซบ",
    "Sales": 361.58,
    "Date": "2025-02-08",
    "Platform": "TikTok"
  },
  {
    "Order_ID": "579954329195416214",
    "Category": "ขนมปังกรอบรสมะพร้าว 5 KG",
    "Sales": 0.0,
    "Date": "2025-02-08",
    "Platform": "TikTok"
  },
  {
    "Order_ID": "579954164994837039",
    "Category": "ขนมปังกรอบสอดไส้แยมสับปะรด 5 KG",
    "Sales": -287.26,
    "Date": "2025-02-08",
    "Platform": "TikTok"
  },
  {
    "Order_ID": "579953597684812251",
    "Category": "ขนมปังกรอบสอดไส้แยมสับปะรด 5 KG",
    "Sales": 929.77,
    "Date": "2025-02-08",
    "Platform": "TikTok"
  },
  {
    "Order_ID": "579952892808300596",
    "Category": "ขาไก่ทรงเครื่อง 5 รส  5 KG",
    "Sales": 0.0,
    "Date": "2025-02-08",
    "Platform": "TikTok"
  },
  {
    "Order_ID": "579952511935220548",
    "Category": "ขนมขาไก่รสดั้งเดิม  5 KG",
    "Sales": 327.14,
    "Date": "2025-02-08",
    "Platform": "TikTok"
  },
  {
    "Order_ID": "579951654188387055",
    "Category": "ขนมปังกรอบสอดไส้แยมสับปะรด 5 KG",
    "Sales": 309.92,
    "Date": "2025-02-07",
    "Platform": "TikTok"
  },
  {
    "Order_ID": "579950141072312693",
    "Category": "ทับทิมทองทรงเครื่อง 5 รส  5.5 KG",
    "Sales": 327.14,
    "Date": "2025-02-07",
    "Platform": "TikTok"
  },
  {
    "Order_ID": "579949556237633583",
    "Category": "ขนมปังกรอบสอดไส้แยมสับปะรด 5 KG",
    "Sales": 310.57,
    "Date": "2025-02-07",
    "Platform": "TikTok"
  },
  {
    "Order_ID": "579949528294131853",
    "Category": "ขนมขาไก่รสดั้งเดิม  5 KG",
    "Sales": 327.72,
    "Date": "2025-02-07",
    "Platform": "TikTok"
  },
  {
    "Order_ID": "579949285876403148",
    "Category": "ขนมขาไก่รสดั้งเดิม  5 KG",
    "Sales": 308.14,
    "Date": "2025-02-07",
    "Platform": "TikTok"
  },
  {
    "Order_ID": "579948946472011942",
    "Category": "ขนมปังกรอบสอดไส้แยมสับปะรด 5 KG",
    "Sales": 309.92,
    "Date": "2025-02-06",
    "Platform": "TikTok"
  },
  {
    "Order_ID": "579947867990886636",
    "Category": "ทับทิมทองทรงเครื่อง 5 รส  5.5 KG",
    "Sales": 327.14,
    "Date": "2025-02-06",
    "Platform": "TikTok"
  },
  {
    "Order_ID": "579947487652448386",
    "Category": "ขนมปังกรอบรสมะพร้าว 5 KG",
    "Sales": 309.47,
    "Date": "2025-02-06",
    "Platform": "TikTok"
  },
  {
    "Order_ID": "579946004548848485",
    "Category": "ขนมปังกรอบรสมะพร้าว 5 KG",
    "Sales": 291.92,
    "Date": "2025-02-06",
    "Platform": "TikTok"
  },
  {
    "Order_ID": "579944309008140474",
    "Category": "ขนมปังกรอบเค็มรูปเอบีซี 4 KG",
    "Sales": 242.82,
    "Date": "2025-02-05",
    "Platform": "TikTok"
  },
  {
    "Order_ID": "579944111908359069",
    "Category": "ขนมปังกรอบรสงา 5 KG",
    "Sales": 291.47,
    "Date": "2025-02-05",
    "Platform": "TikTok"
  },
  {
    "Order_ID": "579943402255321841",
    "Category": "ขนมปังกรอบสอดไส้แยมสับปะรด 5 KG",
    "Sales": 310.5,
    "Date": "2025-02-05",
    "Platform": "TikTok"
  },
  {
    "Order_ID": "579943068798257913",
    "Category": "ขาไก่ทรงเครื่อง 5 รส  5 KG",
    "Sales": 0.0,
    "Date": "2025-02-05",
    "Platform": "TikTok"
  },
  {
    "Order_ID": "579943068798257913",
    "Category": "ขนมขาไก่รสดั้งเดิม  5 KG",
    "Sales": 0.0,
    "Date": "2025-02-05",
    "Platform": "TikTok"
  },
  {
    "Order_ID": "579942862915865445",
    "Category": "ขนมปังกรอบรสมะพร้าว 5 KG",
    "Sales": 0.0,
    "Date": "2025-02-05",
    "Platform": "TikTok"
  },
  {
    "Order_ID": "579942825081473502",
    "Category": "ทับทิมทองทรงเครื่อง 5 รส  5.5 KG",
    "Sales": 308.14,
    "Date": "2025-02-05",
    "Platform": "TikTok"
  },
  {
    "Order_ID": "579942341622205079",
    "Category": "ขนมปังกรอบสอดไส้แยมสับปะรด 5 KG",
    "Sales": 309.92,
    "Date": "2025-02-05",
    "Platform": "TikTok"
  },
  {
    "Order_ID": "579940841797094054",
    "Category": "ทับทิมทองทรงเครื่อง 5 รส  5.5 KG",
    "Sales": 327.14,
    "Date": "2025-02-04",
    "Platform": "TikTok"
  },
  {
    "Order_ID": "579939806036789845",
    "Category": "ขนมปังกรอบสอดไส้แยมสับปะรด 5 KG",
    "Sales": 309.92,
    "Date": "2025-02-04",
    "Platform": "TikTok"
  },
  {
    "Order_ID": "579939744776030840",
    "Category": "ขนมปังกรอบสอดไส้แยมสับปะรด 5 KG",
    "Sales": 310.05,
    "Date": "2025-02-04",
    "Platform": "TikTok"
  },
  {
    "Order_ID": "579939495593150993",
    "Category": "ทับทิมทองทรงเครื่อง 5 รส  5.5 KG",
    "Sales": 309.62,
    "Date": "2025-02-04",
    "Platform": "TikTok"
  },
  {
    "Order_ID": "579939435843193559",
    "Category": "ขนมขาไก่รสดั้งเดิม  5 KG",
    "Sales": 327.72,
    "Date": "2025-02-04",
    "Platform": "TikTok"
  },
  {
    "Order_ID": "579939226989791956",
    "Category": "ทับทิมทองทรงเครื่อง 5 รส  5.5 KG",
    "Sales": 313.72,
    "Date": "2025-02-04",
    "Platform": "TikTok"
  },
  {
    "Order_ID": "579939188871694656",
    "Category": "ขนมปังกรอบรสมะพร้าว 5 KG",
    "Sales": 309.92,
    "Date": "2025-02-04",
    "Platform": "TikTok"
  },
  {
    "Order_ID": "579939084116331471",
    "Category": "ทับทิมทองทรงเครื่อง 5 รส  5.5 KG",
    "Sales": 327.14,
    "Date": "2025-02-04",
    "Platform": "TikTok"
  },
  {
    "Order_ID": "579938667386538984",
    "Category": "ทับทิมทองทรงเครื่อง 5 รส  5.5 KG",
    "Sales": 654.28,
    "Date": "2025-02-03",
    "Platform": "TikTok"
  },
  {
    "Order_ID": "579938667386538984",
    "Category": "ขาไก่ทรงเครื่อง 5 รส  5 KG",
    "Sales": 0.0,
    "Date": "2025-02-03",
    "Platform": "TikTok"
  },
  {
    "Order_ID": "579938519987096121",
    "Category": "ขนมปังกรอบรสมะพร้าว 5 KG",
    "Sales": 308.83,
    "Date": "2025-02-03",
    "Platform": "TikTok"
  },
  {
    "Order_ID": "579938514422959004",
    "Category": "ขนมขาไก่รสดั้งเดิม  5 KG",
    "Sales": 327.14,
    "Date": "2025-02-03",
    "Platform": "TikTok"
  },
  {
    "Order_ID": "579938386039573397",
    "Category": "ขนมปังกรอบสอดไส้แยมสับปะรด 5 KG",
    "Sales": 309.92,
    "Date": "2025-02-03",
    "Platform": "TikTok"
  },
  {
    "Order_ID": "579937950361553271",
    "Category": "ขนมปังกรอบสอดไส้แยมสับปะรด 5 KG",
    "Sales": 309.92,
    "Date": "2025-02-03",
    "Platform": "TikTok"
  },
  {
    "Order_ID": "579937915608992430",
    "Category": "ขนมปังกรอบรสมะพร้าว 5 KG",
    "Sales": 309.92,
    "Date": "2025-02-03",
    "Platform": "TikTok"
  },
  {
    "Order_ID": "579937139007523229",
    "Category": "ขาไก่ทรงเครื่อง 5 รส  5 KG",
    "Sales": 308.14,
    "Date": "2025-02-03",
    "Platform": "TikTok"
  },
  {
    "Order_ID": "579937062576884512",
    "Category": "ทับทิมทองทรงเครื่อง 5 รส  5.5 KG",
    "Sales": 308.14,
    "Date": "2025-02-03",
    "Platform": "TikTok"
  },
  {
    "Order_ID": "579937059428141633",
    "Category": "ขาไก่ทรงเครื่อง 5 รส  5 KG",
    "Sales": 327.14,
    "Date": "2025-02-03",
    "Platform": "TikTok"
  },
  {
    "Order_ID": "579936992734644271",
    "Category": "ทับทิมทองทรงเครื่อง 5 รส  5.5 KG",
    "Sales": 327.14,
    "Date": "2025-02-03",
    "Platform": "TikTok"
  },
  {
    "Order_ID": "579936853149517842",
    "Category": "ขนมปังกรอบรสงา 5 KG",
    "Sales": 291.92,
    "Date": "2025-02-03",
    "Platform": "TikTok"
  },
  {
    "Order_ID": "579936838288575035",
    "Category": "ขนมปังกรอบสอดไส้แยมสับปะรด 5 KG",
    "Sales": 310.5,
    "Date": "2025-02-03",
    "Platform": "TikTok"
  },
  {
    "Order_ID": "579936823247211128",
    "Category": "ขนมปังกรอบเค็มรูปเอบีซี 4 KG",
    "Sales": 258.27,
    "Date": "2025-02-03",
    "Platform": "TikTok"
  },
  {
    "Order_ID": "579936796738947704",
    "Category": "ทับทิมทองทรงเครื่อง 5 รส  5.5 KG",
    "Sales": 327.72,
    "Date": "2025-02-03",
    "Platform": "TikTok"
  },
  {
    "Order_ID": "579936558362561182",
    "Category": "ขนมปังกรอบรสมะพร้าว 5 KG",
    "Sales": 292.95,
    "Date": "2025-02-03",
    "Platform": "TikTok"
  },
  {
    "Order_ID": "579936410977208762",
    "Category": "ขนมปังกรอบสอดไส้แยมสับปะรด 5 KG",
    "Sales": 308.19,
    "Date": "2025-02-03",
    "Platform": "TikTok"
  },
  {
    "Order_ID": "579936370628332343",
    "Category": "ทับทิมทองทรงเครื่อง 5 รส  5.5 KG",
    "Sales": 309.62,
    "Date": "2025-02-03",
    "Platform": "TikTok"
  },
  {
    "Order_ID": "579936364779309630",
    "Category": "ทับทิมทองทรงเครื่อง 5 รส  5.5 KG",
    "Sales": 327.14,
    "Date": "2025-02-03",
    "Platform": "TikTok"
  },
  {
    "Order_ID": "579936200537901665",
    "Category": "ขนมปังกรอบรสมะพร้าว 5 KG",
    "Sales": 291.47,
    "Date": "2025-02-03",
    "Platform": "TikTok"
  },
  {
    "Order_ID": "579936112403646644",
    "Category": "ขาไก่ทรงเครื่อง 5 รส  5 KG",
    "Sales": 308.14,
    "Date": "2025-02-03",
    "Platform": "TikTok"
  },
  {
    "Order_ID": "579935945341569702",
    "Category": "ขาไก่ทรงเครื่อง 5 รส  5 KG",
    "Sales": 308.14,
    "Date": "2025-02-03",
    "Platform": "TikTok"
  },
  {
    "Order_ID": "579935679386519728",
    "Category": "ขนมปังกรอบรสมะพร้าว 5 KG",
    "Sales": 619.85,
    "Date": "2025-02-03",
    "Platform": "TikTok"
  },
  {
    "Order_ID": "579935679386519728",
    "Category": "ขนมปังกรอบรสงา 5 KG",
    "Sales": 0.0,
    "Date": "2025-02-03",
    "Platform": "TikTok"
  },
  {
    "Order_ID": "579935539888687889",
    "Category": "ขนมปังกรอบสอดไส้แยมสับปะรด 5 KG",
    "Sales": 309.92,
    "Date": "2025-02-03",
    "Platform": "TikTok"
  },
  {
    "Order_ID": "579935477866269348",
    "Category": "ข้าวเกรียบหมึกรสเผ็ดหวาน 400 G",
    "Sales": 206.62,
    "Date": "2025-02-03",
    "Platform": "TikTok"
  },
  {
    "Order_ID": "579935284093618658",
    "Category": "ขนมปังกรอบสอดไส้แยมสับปะรด 5 KG",
    "Sales": 309.92,
    "Date": "2025-02-02",
    "Platform": "TikTok"
  },
  {
    "Order_ID": "579934897386523123",
    "Category": "ขนมปังกรอบรสมะพร้าว 5 KG",
    "Sales": 309.92,
    "Date": "2025-02-02",
    "Platform": "TikTok"
  },
  {
    "Order_ID": "579934434271857454",
    "Category": "ขนมปังกรอบสอดไส้แยมสับปะรด 5 KG",
    "Sales": 294.29,
    "Date": "2025-02-02",
    "Platform": "TikTok"
  },
  {
    "Order_ID": "579934408456506226",
    "Category": "สอดไส้ครีมกลิ่นวานิลลา",
    "Sales": 299.23,
    "Date": "2025-02-02",
    "Platform": "TikTok"
  },
  {
    "Order_ID": "579934274819819612",
    "Category": "ขนมขาไก่รสดั้งเดิม  5 KG",
    "Sales": 308.14,
    "Date": "2025-02-02",
    "Platform": "TikTok"
  },
  {
    "Order_ID": "579934194688428241",
    "Category": "ขนมขาไก่รสดั้งเดิม  5 KG",
    "Sales": 312.82,
    "Date": "2025-02-02",
    "Platform": "TikTok"
  },
  {
    "Order_ID": "579934192084355208",
    "Category": "ขนมปังกรอบเค็มรูปเอบีซี 4 KG",
    "Sales": 246.52,
    "Date": "2025-02-02",
    "Platform": "TikTok"
  },
  {
    "Order_ID": "579933722273941924",
    "Category": "ขาไก่ทรงเครื่อง 5 รส  5 KG",
    "Sales": 327.14,
    "Date": "2025-02-02",
    "Platform": "TikTok"
  },
  {
    "Order_ID": "579933525564557353",
    "Category": "ขาไก่ทรงเครื่อง 5 รส  5 KG",
    "Sales": 308.14,
    "Date": "2025-02-02",
    "Platform": "TikTok"
  },
  {
    "Order_ID": "579933299223530128",
    "Category": "ขาไก่ทรงเครื่อง 5 รส  5 KG",
    "Sales": 327.14,
    "Date": "2025-02-02",
    "Platform": "TikTok"
  },
  {
    "Order_ID": "579933289264286487",
    "Category": "ขนมปังกรอบรสงา 5 KG",
    "Sales": 309.92,
    "Date": "2025-02-02",
    "Platform": "TikTok"
  },
  {
    "Order_ID": "579932842325346598",
    "Category": "คุกกี้แซนวิสสอดไส้ครีมกลิ่นช็อกโกแลต 5 KG",
    "Sales": 299.23,
    "Date": "2025-02-02",
    "Platform": "TikTok"
  },
  {
    "Order_ID": "579932739794536690",
    "Category": "ขนมปังกรอบสอดไส้แยมสับปะรด 5 KG",
    "Sales": 309.92,
    "Date": "2025-02-02",
    "Platform": "TikTok"
  },
  {
    "Order_ID": "579932742358567361",
    "Category": "ขนมปังกรอบเค็มรูปเอบีซี 4 KG",
    "Sales": 1023.08,
    "Date": "2025-02-02",
    "Platform": "TikTok"
  },
  {
    "Order_ID": "579932558704674960",
    "Category": "ขาไก่ทรงเครื่อง 5 รส  5 KG",
    "Sales": 327.14,
    "Date": "2025-02-02",
    "Platform": "TikTok"
  },
  {
    "Order_ID": "579932200061668127",
    "Category": "ขนมปังกรอบสอดไส้แยมสับปะรด 5 KG",
    "Sales": 291.92,
    "Date": "2025-02-02",
    "Platform": "TikTok"
  },
  {
    "Order_ID": "579932185051761011",
    "Category": "ขนมปังกรอบสอดไส้แยมสับปะรด 5 KG",
    "Sales": 309.92,
    "Date": "2025-02-02",
    "Platform": "TikTok"
  },
  {
    "Order_ID": "579931990275558165",
    "Category": "ขนมปังกรอบเค็มรูปเอบีซี 4 KG",
    "Sales": 257.18,
    "Date": "2025-02-02",
    "Platform": "TikTok"
  },
  {
    "Order_ID": "579931226264406080",
    "Category": "ขนมปังกรอบสอดไส้แยมสับปะรด 5 KG",
    "Sales": 291.92,
    "Date": "2025-02-01",
    "Platform": "TikTok"
  },
  {
    "Order_ID": "579930771552504085",
    "Category": "ขนมปังกรอบรสงา 5 KG",
    "Sales": 309.92,
    "Date": "2025-02-01",
    "Platform": "TikTok"
  },
  {
    "Order_ID": "579930540020501411",
    "Category": "ทับทิมทองทรงเครื่อง 5 รส  5.5 KG",
    "Sales": 309.62,
    "Date": "2025-02-01",
    "Platform": "TikTok"
  },
  {
    "Order_ID": "579930404909778962",
    "Category": "ทับทิมทองทรงเครื่อง 5 รส  5.5 KG",
    "Sales": 327.72,
    "Date": "2025-02-01",
    "Platform": "TikTok"
  },
  {
    "Order_ID": "579930157336398808",
    "Category": "ขนมปังกรอบรสงา 5 KG",
    "Sales": 309.92,
    "Date": "2025-02-01",
    "Platform": "TikTok"
  },
  {
    "Order_ID": "579930142036953430",
    "Category": "ขนมขาไก่รสดั้งเดิม  5 KG",
    "Sales": 617.76,
    "Date": "2025-02-01",
    "Platform": "TikTok"
  },
  {
    "Order_ID": "579929711086569857",
    "Category": "ขนมปังกรอบสอดไส้แยมสับปะรด 5 KG",
    "Sales": 309.92,
    "Date": "2025-02-01",
    "Platform": "TikTok"
  },
  {
    "Order_ID": "579929574226168097",
    "Category": "ขนมปังกรอบรสงา 5 KG",
    "Sales": 310.25,
    "Date": "2025-02-01",
    "Platform": "TikTok"
  },
  {
    "Order_ID": "579929464442161338",
    "Category": "ขนมปังกรอบเค็มรูปเอบีซี 4 KG",
    "Sales": 258.27,
    "Date": "2025-02-01",
    "Platform": "TikTok"
  },
  {
    "Order_ID": "579929198589741100",
    "Category": "ทับทิมทองทรงเครื่อง 5 รส  5.5 KG",
    "Sales": 327.14,
    "Date": "2025-02-01",
    "Platform": "TikTok"
  },
  {
    "Order_ID": "579929104540731617",
    "Category": "ขาไก่ทรงเครื่อง 5 รส  5 KG",
    "Sales": 327.46,
    "Date": "2025-02-01",
    "Platform": "TikTok"
  },
  {
    "Order_ID": "579929066264693041",
    "Category": "ขนมปังกรอบสอดไส้แยมสับปะรด 5 KG",
    "Sales": 292.91,
    "Date": "2025-02-01",
    "Platform": "TikTok"
  },
  {
    "Order_ID": "579928860608792808",
    "Category": "ขาไก่ทรงเครื่อง 5 รส  5 KG",
    "Sales": 327.14,
    "Date": "2025-02-01",
    "Platform": "TikTok"
  },
  {
    "Order_ID": "579928595461540015",
    "Category": "ขนมขาไก่รสดั้งเดิม  5 KG",
    "Sales": 309.62,
    "Date": "2025-02-01",
    "Platform": "TikTok"
  },
  {
    "Order_ID": "579928575187061749",
    "Category": "ขนมปังกรอบสอดไส้แยมสับปะรด 5 KG",
    "Sales": 310.31,
    "Date": "2025-02-01",
    "Platform": "TikTok"
  },
  {
    "Order_ID": "579928562250516865",
    "Category": "ทับทิมทองทรงเครื่อง 5 รส  5.5 KG",
    "Sales": 327.14,
    "Date": "2025-02-01",
    "Platform": "TikTok"
  },
  {
    "Order_ID": "579928538103515243",
    "Category": "ขาไก่ทรงเครื่อง 5 รส  5 KG",
    "Sales": 504.28,
    "Date": "2025-02-01",
    "Platform": "TikTok"
  },
  {
    "Order_ID": "579928538103515243",
    "Category": "ทับทิมทองทรงเครื่อง 5 รส  5.5 KG",
    "Sales": 0.0,
    "Date": "2025-02-01",
    "Platform": "TikTok"
  },
  {
    "Order_ID": "579928474821561228",
    "Category": "ทับทิมทองทรงเครื่อง 5 รส  5.5 KG",
    "Sales": 327.14,
    "Date": "2025-02-01",
    "Platform": "TikTok"
  },
  {
    "Order_ID": "579928036721789375",
    "Category": "ขนมปังกรอบรสมะพร้าว 5 KG",
    "Sales": 291.92,
    "Date": "2025-01-31",
    "Platform": "TikTok"
  },
  {
    "Order_ID": "579927966573562611",
    "Category": "ขนมปังกรอบสอดไส้แยมสับปะรด 5 KG",
    "Sales": 309.92,
    "Date": "2025-01-31",
    "Platform": "TikTok"
  },
  {
    "Order_ID": "579927792928196879",
    "Category": "ขนมปังกรอบสอดไส้แยมสับปะรด 5 KG",
    "Sales": 310.05,
    "Date": "2025-01-31",
    "Platform": "TikTok"
  },
  {
    "Order_ID": "579927277687769154",
    "Category": "ขนมปังกรอบสอดไส้แยมสับปะรด 5 KG",
    "Sales": 309.92,
    "Date": "2025-01-31",
    "Platform": "TikTok"
  },
  {
    "Order_ID": "579927232817892305",
    "Category": "ขาไก่ทรงเครื่อง 5 รส  5 KG",
    "Sales": 326.69,
    "Date": "2025-01-31",
    "Platform": "TikTok"
  },
  {
    "Order_ID": "579927028153616913",
    "Category": "ขนมปังกรอบสอดไส้แยมสับปะรด 5 KG",
    "Sales": 309.92,
    "Date": "2025-01-31",
    "Platform": "TikTok"
  },
  {
    "Order_ID": "579926936325163640",
    "Category": "ขนมปังกรอบสอดไส้แยมสับปะรด 5 KG",
    "Sales": 310.05,
    "Date": "2025-01-31",
    "Platform": "TikTok"
  },
  {
    "Order_ID": "579926786096597813",
    "Category": "ขนมปังกรอบเค็มรูปเอบีซี 4 KG",
    "Sales": 258.27,
    "Date": "2025-01-31",
    "Platform": "TikTok"
  },
  {
    "Order_ID": "579926658059897662",
    "Category": "ขนมปังกรอบสอดไส้แยมสับปะรด 5 KG",
    "Sales": 310.31,
    "Date": "2025-01-31",
    "Platform": "TikTok"
  },
  {
    "Order_ID": "579926557954574730",
    "Category": "ขนมปังกรอบสอดไส้แยมสับปะรด 5 KG",
    "Sales": 291.92,
    "Date": "2025-01-31",
    "Platform": "TikTok"
  },
  {
    "Order_ID": "579926407246416426",
    "Category": "ทับทิมทองทรงเครื่อง 5 รส  5.5 KG",
    "Sales": 327.72,
    "Date": "2025-01-31",
    "Platform": "TikTok"
  },
  {
    "Order_ID": "579926352009726881",
    "Category": "ขนมปังกรอบเค็มรูปเอบีซี 4 KG",
    "Sales": 258.27,
    "Date": "2025-01-31",
    "Platform": "TikTok"
  },
  {
    "Order_ID": "579926351885011221",
    "Category": "ขนมปังกรอบรสมะพร้าว 5 KG",
    "Sales": 309.92,
    "Date": "2025-01-31",
    "Platform": "TikTok"
  },
  {
    "Order_ID": "579926288254994450",
    "Category": "สอดไส้ครีมกลิ่นวานิลลา",
    "Sales": 319.45,
    "Date": "2025-01-31",
    "Platform": "TikTok"
  },
  {
    "Order_ID": "579926253324962314",
    "Category": "ขนมขาไก่รสดั้งเดิม  5 KG",
    "Sales": 327.14,
    "Date": "2025-01-31",
    "Platform": "TikTok"
  },
  {
    "Order_ID": "579926167016605792",
    "Category": "ขนมปังกรอบเค็มรูปเอบีซี 4 KG",
    "Sales": 258.27,
    "Date": "2025-01-31",
    "Platform": "TikTok"
  },
  {
    "Order_ID": "579926165468317792",
    "Category": "ขนมปังกรอบเค็มรูปเอบีซี 4 KG",
    "Sales": 258.27,
    "Date": "2025-01-31",
    "Platform": "TikTok"
  },
  {
    "Order_ID": "579926089098824695",
    "Category": "ขนมปังกรอบสอดไส้แยมสับปะรด 5 KG",
    "Sales": 309.92,
    "Date": "2025-01-31",
    "Platform": "TikTok"
  },
  {
    "Order_ID": "579925922117617881",
    "Category": "ขนมปังกรอบสอดไส้แยมสับปะรด 5 KG",
    "Sales": 309.92,
    "Date": "2025-01-31",
    "Platform": "TikTok"
  },
  {
    "Order_ID": "579925867139860626",
    "Category": "ทับทิมทองทรงเครื่อง 5 รส  5.5 KG",
    "Sales": 327.14,
    "Date": "2025-01-31",
    "Platform": "TikTok"
  },
  {
    "Order_ID": "579925683819612226",
    "Category": "ขนมปังกรอบเค็มรูปเอบีซี 4 KG",
    "Sales": 258.27,
    "Date": "2025-01-31",
    "Platform": "TikTok"
  },
  {
    "Order_ID": "579925663248976391",
    "Category": "ทับทิมทองทรงเครื่อง 5 รส  5.5 KG",
    "Sales": 309.13,
    "Date": "2025-01-31",
    "Platform": "TikTok"
  },
  {
    "Order_ID": "579925583305213959",
    "Category": "ทับทิมทองทรงเครื่อง 5 รส  5.5 KG",
    "Sales": 326.69,
    "Date": "2025-01-31",
    "Platform": "TikTok"
  },
  {
    "Order_ID": "579925355455875407",
    "Category": "คุกกี้ก้นหอยสอดไส้ครีมกลิ่นทุเรียน 5 KG",
    "Sales": 299.23,
    "Date": "2025-01-30",
    "Platform": "TikTok"
  },
  {
    "Order_ID": "579925330656201027",
    "Category": "ขนมปังกรอบสอดไส้แยมสับปะรด 5 KG",
    "Sales": 310.5,
    "Date": "2025-01-30",
    "Platform": "TikTok"
  },
  {
    "Order_ID": "579924055694609308",
    "Category": "ทับทิมทองทรงเครื่อง 5 รส  5.5 KG",
    "Sales": 379.42,
    "Date": "2025-01-30",
    "Platform": "TikTok"
  },
  {
    "Order_ID": "579924055694609308",
    "Category": "ขาไก่ทรงเครื่อง 5 รส  5 KG",
    "Sales": 0.0,
    "Date": "2025-01-30",
    "Platform": "TikTok"
  },
  {
    "Order_ID": "579924055694609308",
    "Category": "คุกกี้แซนวิสสอดไส้ครีมกลิ่นช็อกโกแลต 5 KG",
    "Sales": 0.0,
    "Date": "2025-01-30",
    "Platform": "TikTok"
  },
  {
    "Order_ID": "579923919666448767",
    "Category": "ขนมปังกรอบรสงา 5 KG",
    "Sales": 309.92,
    "Date": "2025-01-30",
    "Platform": "TikTok"
  },
  {
    "Order_ID": "579923827304991429",
    "Category": "ขนมปังกรอบรสมะพร้าว 5 KG",
    "Sales": 309.22,
    "Date": "2025-01-30",
    "Platform": "TikTok"
  },
  {
    "Order_ID": "579923741128297415",
    "Category": "ขนมปังกรอบรสงา 5 KG",
    "Sales": 309.92,
    "Date": "2025-01-30",
    "Platform": "TikTok"
  },
  {
    "Order_ID": "579923701058472908",
    "Category": "ทับทิมทองทรงเครื่อง 5 รส  5.5 KG",
    "Sales": 309.62,
    "Date": "2025-01-30",
    "Platform": "TikTok"
  },
  {
    "Order_ID": "579923520497224601",
    "Category": "ขนมปังกรอบเค็มรูปเอบีซี 4 KG",
    "Sales": 257.82,
    "Date": "2025-01-30",
    "Platform": "TikTok"
  },
  {
    "Order_ID": "579923276968004244",
    "Category": "ขนมปังกรอบรสงา 5 KG",
    "Sales": 309.47,
    "Date": "2025-01-30",
    "Platform": "TikTok"
  },
  {
    "Order_ID": "579923187279038513",
    "Category": "ขาไก่ทรงเครื่อง 5 รส  5 KG",
    "Sales": 327.14,
    "Date": "2025-01-30",
    "Platform": "TikTok"
  },
  {
    "Order_ID": "579923092008241784",
    "Category": "คุกกี้ก้นหอยสอดไส้ครีมกลิ่นทุเรียน 5 KG",
    "Sales": 491.57,
    "Date": "2025-01-30",
    "Platform": "TikTok"
  },
  {
    "Order_ID": "579923092008241784",
    "Category": "ขนมปังกรอบสอดไส้แยมสับปะรด 5 KG",
    "Sales": 0.0,
    "Date": "2025-01-30",
    "Platform": "TikTok"
  },
  {
    "Order_ID": "579922849862289409",
    "Category": "ทับทิมทองทรงเครื่อง 5 รส  5.5 KG",
    "Sales": 308.14,
    "Date": "2025-01-30",
    "Platform": "TikTok"
  },
  {
    "Order_ID": "579922654192306700",
    "Category": "ขนมขาไก่รสดั้งเดิม  5 KG",
    "Sales": 327.78,
    "Date": "2025-01-30",
    "Platform": "TikTok"
  },
  {
    "Order_ID": "579922597467163273",
    "Category": "ขาไก่ทรงเครื่อง 5 รส  5 KG",
    "Sales": 327.14,
    "Date": "2025-01-29",
    "Platform": "TikTok"
  },
  {
    "Order_ID": "579922146612578776",
    "Category": "ขนมปังกรอบรสมะพร้าว 5 KG",
    "Sales": 309.92,
    "Date": "2025-01-29",
    "Platform": "TikTok"
  },
  {
    "Order_ID": "579922070611397008",
    "Category": "ทับทิมทองทรงเครื่อง 5 รส  5.5 KG",
    "Sales": 327.14,
    "Date": "2025-01-29",
    "Platform": "TikTok"
  },
  {
    "Order_ID": "579922056620902541",
    "Category": "คุกกี้ก้นหอยสอดไส้ครีมกลิ่นใบเตย 5 KG",
    "Sales": 462.02,
    "Date": "2025-01-29",
    "Platform": "TikTok"
  },
  {
    "Order_ID": "579922056620902541",
    "Category": "ขนมปังกรอบเค็มรูปเอบีซี 4 KG",
    "Sales": 0.0,
    "Date": "2025-01-29",
    "Platform": "TikTok"
  },
  {
    "Order_ID": "579921894756682224",
    "Category": "ขนมขาไก่รสดั้งเดิม  5 KG",
    "Sales": 1021.98,
    "Date": "2025-01-29",
    "Platform": "TikTok"
  },
  {
    "Order_ID": "579921894756682224",
    "Category": "ขาไก่ทรงเครื่อง 5 รส  5 KG",
    "Sales": 0.0,
    "Date": "2025-01-29",
    "Platform": "TikTok"
  },
  {
    "Order_ID": "579921894756682224",
    "Category": "สอดไส้ครีมกลิ่นวานิลลา",
    "Sales": 0.0,
    "Date": "2025-01-29",
    "Platform": "TikTok"
  },
  {
    "Order_ID": "579921518922402813",
    "Category": "ทับทิมทองทรงเครื่อง 5 รส  5.5 KG",
    "Sales": 327.14,
    "Date": "2025-01-29",
    "Platform": "TikTok"
  },
  {
    "Order_ID": "579921472725420050",
    "Category": "ทับทิมทองทรงเครื่อง 5 รส  5.5 KG",
    "Sales": 327.14,
    "Date": "2025-01-29",
    "Platform": "TikTok"
  },
  {
    "Order_ID": "579921390178765457",
    "Category": "คุกกี้ก้นหอยสอดไส้ครีมกลิ่นทุเรียน 5 KG",
    "Sales": 317.68,
    "Date": "2025-01-29",
    "Platform": "TikTok"
  },
  {
    "Order_ID": "579921387793582897",
    "Category": "ขนมปังกรอบสอดไส้แยมสับปะรด 5 KG",
    "Sales": 310.31,
    "Date": "2025-01-29",
    "Platform": "TikTok"
  },
  {
    "Order_ID": "579921385006664522",
    "Category": "ขนมปังกรอบสอดไส้แยมสับปะรด 5 KG",
    "Sales": 309.92,
    "Date": "2025-01-29",
    "Platform": "TikTok"
  },
  {
    "Order_ID": "579921385979021772",
    "Category": "คุกกี้แซนวิสสอดไส้ครีมกลิ่นช็อกโกแลต 5 KG",
    "Sales": 299.23,
    "Date": "2025-01-29",
    "Platform": "TikTok"
  },
  {
    "Order_ID": "579921302677326256",
    "Category": "ทับทิมทองทรงเครื่อง 5 รส  5.5 KG",
    "Sales": 327.14,
    "Date": "2025-01-29",
    "Platform": "TikTok"
  },
  {
    "Order_ID": "579920972901877812",
    "Category": "ขนมขาไก่รสดั้งเดิม  5 KG",
    "Sales": 505.99,
    "Date": "2025-01-29",
    "Platform": "TikTok"
  },
  {
    "Order_ID": "579920972901877812",
    "Category": "ทับทิมทองทรงเครื่อง 5 รส  5.5 KG",
    "Sales": 0.0,
    "Date": "2025-01-29",
    "Platform": "TikTok"
  },
  {
    "Order_ID": "579920948994279920",
    "Category": "ขนมปังกรอบรสงา 5 KG",
    "Sales": 291.47,
    "Date": "2025-01-29",
    "Platform": "TikTok"
  },
  {
    "Order_ID": "579920917531035789",
    "Category": "ขนมปังกรอบเค็มรูปเอบีซี 4 KG",
    "Sales": 258.27,
    "Date": "2025-01-29",
    "Platform": "TikTok"
  },
  {
    "Order_ID": "579920849374579340",
    "Category": "ขนมปังกรอบสอดไส้แยมสับปะรด 5 KG",
    "Sales": 309.92,
    "Date": "2025-01-29",
    "Platform": "TikTok"
  },
  {
    "Order_ID": "579920778079603295",
    "Category": "ขนมปังกรอบสอดไส้แยมสับปะรด 5 KG",
    "Sales": 309.92,
    "Date": "2025-01-29",
    "Platform": "TikTok"
  },
  {
    "Order_ID": "579920611456617269",
    "Category": "ขนมขาไก่รสดั้งเดิม  5 KG",
    "Sales": 327.14,
    "Date": "2025-01-29",
    "Platform": "TikTok"
  },
  {
    "Order_ID": "579920484948871365",
    "Category": "ขนมปังกรอบสอดไส้แยมสับปะรด 5 KG",
    "Sales": 309.92,
    "Date": "2025-01-29",
    "Platform": "TikTok"
  },
  {
    "Order_ID": "579920465155230610",
    "Category": "ขนมปังกรอบรสงา 5 KG",
    "Sales": 509.85,
    "Date": "2025-01-29",
    "Platform": "TikTok"
  },
  {
    "Order_ID": "579920447314824074",
    "Category": "ขนมขาไก่รสดั้งเดิม  5 KG",
    "Sales": 0.0,
    "Date": "2025-01-29",
    "Platform": "TikTok"
  },
  {
    "Order_ID": "579920381832497856",
    "Category": "ขนมปังกรอบสอดไส้แยมสับปะรด 5 KG",
    "Sales": 310.5,
    "Date": "2025-01-29",
    "Platform": "TikTok"
  },
  {
    "Order_ID": "579920235923082064",
    "Category": "ทับทิมทองทรงเครื่อง 5 รส  5.5 KG",
    "Sales": 327.14,
    "Date": "2025-01-29",
    "Platform": "TikTok"
  },
  {
    "Order_ID": "579919068273412696",
    "Category": "ขนมปังกรอบสอดไส้แยมสับปะรด 5 KG",
    "Sales": 309.92,
    "Date": "2025-01-28",
    "Platform": "TikTok"
  },
  {
    "Order_ID": "579918985990343469",
    "Category": "ขนมปังกรอบสอดไส้แยมสับปะรด 5 KG",
    "Sales": 309.92,
    "Date": "2025-01-28",
    "Platform": "TikTok"
  },
  {
    "Order_ID": "579918757105797779",
    "Category": "ขาไก่ทรงเครื่อง 5 รส  5 KG",
    "Sales": 327.14,
    "Date": "2025-01-28",
    "Platform": "TikTok"
  },
  {
    "Order_ID": "579918644702840955",
    "Category": "ขนมปังกรอบรสมะพร้าว 5 KG",
    "Sales": 309.92,
    "Date": "2025-01-28",
    "Platform": "TikTok"
  },
  {
    "Order_ID": "579918501234313762",
    "Category": "สอดไส้ครีมกลิ่นวานิลลา",
    "Sales": 493.88,
    "Date": "2025-01-28",
    "Platform": "TikTok"
  },
  {
    "Order_ID": "579918501234313762",
    "Category": "ขนมปังกรอบสอดไส้แยมสับปะรด 5 KG",
    "Sales": 0.0,
    "Date": "2025-01-28",
    "Platform": "TikTok"
  },
  {
    "Order_ID": "579918328228120593",
    "Category": "คุกกี้ก้นหอยสอดไส้ครีมกลิ่นใบเตย 5 KG",
    "Sales": 317.68,
    "Date": "2025-01-28",
    "Platform": "TikTok"
  },
  {
    "Order_ID": "579918252657314759",
    "Category": "ขนมปังกรอบสอดไส้แยมสับปะรด 5 KG",
    "Sales": 310.31,
    "Date": "2025-01-28",
    "Platform": "TikTok"
  },
  {
    "Order_ID": "579918161527277975",
    "Category": "ขนมขาไก่รสดั้งเดิม  5 KG",
    "Sales": 308.14,
    "Date": "2025-01-28",
    "Platform": "TikTok"
  },
  {
    "Order_ID": "579918099372018179",
    "Category": "คุกกี้ก้นหอยสอดไส้ครีมกลิ่นทุเรียน 5 KG",
    "Sales": 317.68,
    "Date": "2025-01-28",
    "Platform": "TikTok"
  },
  {
    "Order_ID": "579918005036353863",
    "Category": "ขนมปังกรอบสอดไส้แยมสับปะรด 5 KG",
    "Sales": 310.5,
    "Date": "2025-01-28",
    "Platform": "TikTok"
  },
  {
    "Order_ID": "579917956702571188",
    "Category": "ขนมปังกรอบสอดไส้แยมสับปะรด 5 KG",
    "Sales": 309.92,
    "Date": "2025-01-28",
    "Platform": "TikTok"
  },
  {
    "Order_ID": "579917625537825652",
    "Category": "ทับทิมทองทรงเครื่อง 5 รส  5.5 KG",
    "Sales": 327.14,
    "Date": "2025-01-27",
    "Platform": "TikTok"
  },
  {
    "Order_ID": "579917614426983321",
    "Category": "ขาไก่ทรงเครื่อง 5 รส  5 KG",
    "Sales": 307.69,
    "Date": "2025-01-27",
    "Platform": "TikTok"
  },
  {
    "Order_ID": "579917582374504973",
    "Category": "ทับทิมทองทรงเครื่อง 5 รส  5.5 KG",
    "Sales": 308.14,
    "Date": "2025-01-27",
    "Platform": "TikTok"
  },
  {
    "Order_ID": "579917493018200738",
    "Category": "ขาไก่ทรงเครื่อง 5 รส  5 KG",
    "Sales": 326.69,
    "Date": "2025-01-27",
    "Platform": "TikTok"
  },
  {
    "Order_ID": "579917390025755039",
    "Category": "สอดไส้ครีมกลิ่นวานิลลา",
    "Sales": 317.68,
    "Date": "2025-01-27",
    "Platform": "TikTok"
  },
  {
    "Order_ID": "579917357128845588",
    "Category": "คุกกี้ก้นหอยสอดไส้ครีมกลิ่นกาแฟ 5 KG",
    "Sales": 946.22,
    "Date": "2025-01-27",
    "Platform": "TikTok"
  },
  {
    "Order_ID": "579917357128845588",
    "Category": "คุกกี้แซนวิสสอดไส้ครีมกลิ่นช็อกโกแลต 5 KG",
    "Sales": 0.0,
    "Date": "2025-01-27",
    "Platform": "TikTok"
  },
  {
    "Order_ID": "579917357128845588",
    "Category": "ขนมปังกรอบสอดไส้แยมสับปะรด 5 KG",
    "Sales": 0.0,
    "Date": "2025-01-27",
    "Platform": "TikTok"
  },
  {
    "Order_ID": "579917336050502197",
    "Category": "ทับทิมทองทรงเครื่อง 5 รส  5.5 KG",
    "Sales": 654.28,
    "Date": "2025-01-27",
    "Platform": "TikTok"
  },
  {
    "Order_ID": "579917336050502197",
    "Category": "ขาไก่ทรงเครื่อง 5 รส  5 KG",
    "Sales": 0.0,
    "Date": "2025-01-27",
    "Platform": "TikTok"
  },
  {
    "Order_ID": "579917167756151798",
    "Category": "ขนมปังกรอบสอดไส้แยมสับปะรด 5 KG",
    "Sales": 309.92,
    "Date": "2025-01-27",
    "Platform": "TikTok"
  },
  {
    "Order_ID": "579917151336237977",
    "Category": "ขนมปังกรอบสอดไส้แยมสับปะรด 5 KG",
    "Sales": 309.92,
    "Date": "2025-01-27",
    "Platform": "TikTok"
  },
  {
    "Order_ID": "579917119136106902",
    "Category": "ขาไก่ทรงเครื่อง 5 รส  5 KG",
    "Sales": 327.14,
    "Date": "2025-01-27",
    "Platform": "TikTok"
  },
  {
    "Order_ID": "579917030537922822",
    "Category": "ขาไก่ทรงเครื่อง 5 รส  5 KG",
    "Sales": 327.14,
    "Date": "2025-01-27",
    "Platform": "TikTok"
  },
  {
    "Order_ID": "579916958213245560",
    "Category": "ขนมปังกรอบสอดไส้แยมสับปะรด 5 KG",
    "Sales": 309.92,
    "Date": "2025-01-27",
    "Platform": "TikTok"
  },
  {
    "Order_ID": "579916910032292078",
    "Category": "ขนมปังกรอบสอดไส้แยมสับปะรด 5 KG",
    "Sales": 309.47,
    "Date": "2025-01-27",
    "Platform": "TikTok"
  },
  {
    "Order_ID": "579916843799972248",
    "Category": "ขนมปังกรอบสอดไส้แยมสับปะรด 5 KG",
    "Sales": 309.92,
    "Date": "2025-01-27",
    "Platform": "TikTok"
  },
  {
    "Order_ID": "579916819764709417",
    "Category": "ขนมปังกรอบสอดไส้แยมสับปะรด 5 KG",
    "Sales": 309.92,
    "Date": "2025-01-27",
    "Platform": "TikTok"
  },
  {
    "Order_ID": "579916777523350262",
    "Category": "ทับทิมทองทรงเครื่อง 5 รส  5.5 KG",
    "Sales": 327.14,
    "Date": "2025-01-27",
    "Platform": "TikTok"
  },
  {
    "Order_ID": "579916691943754424",
    "Category": "ขนมปังกรอบสอดไส้แยมสับปะรด 5 KG",
    "Sales": 309.92,
    "Date": "2025-01-27",
    "Platform": "TikTok"
  },
  {
    "Order_ID": "579916275758762522",
    "Category": "ขนมขาไก่รสดั้งเดิม  5 KG",
    "Sales": 309.13,
    "Date": "2025-01-27",
    "Platform": "TikTok"
  },
  {
    "Order_ID": "579916249933188061",
    "Category": "ขนมปังกรอบสอดไส้แยมสับปะรด 5 KG",
    "Sales": 310.5,
    "Date": "2025-01-27",
    "Platform": "TikTok"
  },
  {
    "Order_ID": "579916215661398919",
    "Category": "ขาไก่ทรงเครื่อง 5 รส  5 KG",
    "Sales": 327.14,
    "Date": "2025-01-27",
    "Platform": "TikTok"
  },
  {
    "Order_ID": "579916209101507223",
    "Category": "ขนมปังกรอบสอดไส้แยมสับปะรด 5 KG",
    "Sales": 309.92,
    "Date": "2025-01-27",
    "Platform": "TikTok"
  },
  {
    "Order_ID": "579916141861374156",
    "Category": "ขนมปังกรอบรสงา 5 KG",
    "Sales": 310.5,
    "Date": "2025-01-27",
    "Platform": "TikTok"
  },
  {
    "Order_ID": "579915898326649696",
    "Category": "ขนมขาไก่รสดั้งเดิม  5 KG",
    "Sales": 308.14,
    "Date": "2025-01-27",
    "Platform": "TikTok"
  },
  {
    "Order_ID": "579915874115881165",
    "Category": "ขนมปังกรอบรสงา 5 KG",
    "Sales": 309.92,
    "Date": "2025-01-27",
    "Platform": "TikTok"
  },
  {
    "Order_ID": "579915831200746444",
    "Category": "ขาไก่ทรงเครื่อง 5 รส  5 KG",
    "Sales": 309.17,
    "Date": "2025-01-27",
    "Platform": "TikTok"
  },
  {
    "Order_ID": "579915788413471468",
    "Category": "ขนมปังกรอบรสงา 5 KG",
    "Sales": 310.5,
    "Date": "2025-01-27",
    "Platform": "TikTok"
  },
  {
    "Order_ID": "579915629279480803",
    "Category": "ขนมปังกรอบสอดไส้แยมสับปะรด 5 KG",
    "Sales": 310.31,
    "Date": "2025-01-27",
    "Platform": "TikTok"
  },
  {
    "Order_ID": "579915518833756593",
    "Category": "ขนมปังกรอบรสงา 5 KG",
    "Sales": 309.92,
    "Date": "2025-01-26",
    "Platform": "TikTok"
  },
  {
    "Order_ID": "579915177530591250",
    "Category": "ขนมปังกรอบสอดไส้แยมสับปะรด 5 KG",
    "Sales": 309.92,
    "Date": "2025-01-26",
    "Platform": "TikTok"
  },
  {
    "Order_ID": "579915156172016275",
    "Category": "ขนมปังกรอบเค็มรูปเอบีซี 4 KG",
    "Sales": 258.27,
    "Date": "2025-01-26",
    "Platform": "TikTok"
  },
  {
    "Order_ID": "579914977678297225",
    "Category": "ขาไก่ทรงเครื่อง 5 รส  5 KG",
    "Sales": 307.69,
    "Date": "2025-01-26",
    "Platform": "TikTok"
  },
  {
    "Order_ID": "579914959528298768",
    "Category": "ขนมปังกรอบรสมะพร้าว 5 KG",
    "Sales": 291.92,
    "Date": "2025-01-26",
    "Platform": "TikTok"
  },
  {
    "Order_ID": "579914741853030762",
    "Category": "ขนมปังกรอบรสงา 5 KG",
    "Sales": 309.92,
    "Date": "2025-01-26",
    "Platform": "TikTok"
  },
  {
    "Order_ID": "579914400566315379",
    "Category": "ขนมปังกรอบเค็มรูปเอบีซี 4 KG",
    "Sales": 257.82,
    "Date": "2025-01-26",
    "Platform": "TikTok"
  },
  {
    "Order_ID": "579914363503151335",
    "Category": "ขนมปังกรอบรสมะพร้าว 5 KG",
    "Sales": 310.05,
    "Date": "2025-01-26",
    "Platform": "TikTok"
  },
  {
    "Order_ID": "579913880840931869",
    "Category": "ขนมปังกรอบสอดไส้แยมสับปะรด 5 KG",
    "Sales": 291.92,
    "Date": "2025-01-26",
    "Platform": "TikTok"
  },
  {
    "Order_ID": "579913657376868690",
    "Category": "ขนมปังกรอบรสมะพร้าว 5 KG",
    "Sales": 309.92,
    "Date": "2025-01-26",
    "Platform": "TikTok"
  },
  {
    "Order_ID": "579913535421254185",
    "Category": "สอดไส้ครีมกลิ่นวานิลลา",
    "Sales": 317.68,
    "Date": "2025-01-26",
    "Platform": "TikTok"
  },
  {
    "Order_ID": "579913345172474217",
    "Category": "ขนมปังกรอบสอดไส้แยมสับปะรด 5 KG",
    "Sales": 309.92,
    "Date": "2025-01-26",
    "Platform": "TikTok"
  },
  {
    "Order_ID": "579913084738898065",
    "Category": "ขนมปังกรอบรสมะพร้าว 5 KG",
    "Sales": 309.92,
    "Date": "2025-01-25",
    "Platform": "TikTok"
  },
  {
    "Order_ID": "579912880466856933",
    "Category": "ขนมปังกรอบสอดไส้แยมสับปะรด 5 KG",
    "Sales": 309.92,
    "Date": "2025-01-25",
    "Platform": "TikTok"
  },
  {
    "Order_ID": "579912846877034838",
    "Category": "ขนมขาไก่รสดั้งเดิม  5 KG",
    "Sales": 327.14,
    "Date": "2025-01-25",
    "Platform": "TikTok"
  },
  {
    "Order_ID": "579912677879220785",
    "Category": "ทับทิมทองทรงเครื่อง 5 รส  5.5 KG",
    "Sales": 654.28,
    "Date": "2025-01-25",
    "Platform": "TikTok"
  },
  {
    "Order_ID": "579912677879220785",
    "Category": "ขนมขาไก่รสดั้งเดิม  5 KG",
    "Sales": 0.0,
    "Date": "2025-01-25",
    "Platform": "TikTok"
  },
  {
    "Order_ID": "579912452382754932",
    "Category": "ขาไก่ทรงเครื่อง 5 รส  5 KG",
    "Sales": 327.14,
    "Date": "2025-01-25",
    "Platform": "TikTok"
  },
  {
    "Order_ID": "579912193774749986",
    "Category": "ขนมปังกรอบรสมะพร้าว 5 KG",
    "Sales": 309.92,
    "Date": "2025-01-25",
    "Platform": "TikTok"
  },
  {
    "Order_ID": "579912037837736952",
    "Category": "ขนมปังกรอบรสงา 5 KG",
    "Sales": 309.47,
    "Date": "2025-01-25",
    "Platform": "TikTok"
  },
  {
    "Order_ID": "579911968369052362",
    "Category": "ขนมปังกรอบรสงา 5 KG",
    "Sales": 619.85,
    "Date": "2025-01-25",
    "Platform": "TikTok"
  },
  {
    "Order_ID": "579911843146795722",
    "Category": "ขนมปังกรอบรสมะพร้าว 5 KG",
    "Sales": 309.47,
    "Date": "2025-01-25",
    "Platform": "TikTok"
  },
  {
    "Order_ID": "579911833980340938",
    "Category": "คุกกี้แซนวิสสอดไส้ครีมกลิ่นช็อกโกแลต 5 KG",
    "Sales": 317.23,
    "Date": "2025-01-25",
    "Platform": "TikTok"
  },
  {
    "Order_ID": "579911612798110464",
    "Category": "ขนมปังกรอบเค็มรูปเอบีซี 4 KG",
    "Sales": 258.27,
    "Date": "2025-01-25",
    "Platform": "TikTok"
  },
  {
    "Order_ID": "579911216472951320",
    "Category": "ขนมปังกรอบรสงา 5 KG",
    "Sales": 309.92,
    "Date": "2025-01-25",
    "Platform": "TikTok"
  },
  {
    "Order_ID": "579910935724788657",
    "Category": "ทับทิมทองทรงเครื่อง 5 รส  5.5 KG",
    "Sales": 327.72,
    "Date": "2025-01-25",
    "Platform": "TikTok"
  },
  {
    "Order_ID": "579910934550251613",
    "Category": "ขนมปังกรอบสอดไส้แยมสับปะรด 5 KG",
    "Sales": 309.92,
    "Date": "2025-01-25",
    "Platform": "TikTok"
  },
  {
    "Order_ID": "579910916777216280",
    "Category": "สอดไส้ครีมกลิ่นวานิลลา",
    "Sales": 318.0,
    "Date": "2025-01-25",
    "Platform": "TikTok"
  },
  {
    "Order_ID": "579910478938409205",
    "Category": "ขนมขาไก่ทรงเครื่อง 5 รส 1.2 KG",
    "Sales": 431.73,
    "Date": "2025-01-24",
    "Platform": "TikTok"
  },
  {
    "Order_ID": "579910478938409205",
    "Category": "ขนมปังกรอบสอดไส้แยมสับปะรด 5 KG",
    "Sales": 0.0,
    "Date": "2025-01-24",
    "Platform": "TikTok"
  },
  {
    "Order_ID": "579910454103345644",
    "Category": "ขนมปังกรอบสอดไส้แยมสับปะรด 5 KG",
    "Sales": 309.92,
    "Date": "2025-01-24",
    "Platform": "TikTok"
  },
  {
    "Order_ID": "579910430454221517",
    "Category": "ขนมปังกรอบรสมะพร้าว 5 KG",
    "Sales": 309.92,
    "Date": "2025-01-24",
    "Platform": "TikTok"
  },
  {
    "Order_ID": "579909933841222084",
    "Category": "ขนมปังกรอบรสมะพร้าว 5 KG",
    "Sales": 309.47,
    "Date": "2025-01-24",
    "Platform": "TikTok"
  },
  {
    "Order_ID": "579909529455724780",
    "Category": "คุกกี้แซนวิสสอดไส้ครีมกลิ่นช็อกโกแลต 5 KG",
    "Sales": 317.68,
    "Date": "2025-01-24",
    "Platform": "TikTok"
  },
  {
    "Order_ID": "579909473880672499",
    "Category": "ขนมปังกรอบสอดไส้แยมสับปะรด 5 KG",
    "Sales": 309.92,
    "Date": "2025-01-24",
    "Platform": "TikTok"
  },
  {
    "Order_ID": "579909196544313789",
    "Category": "ขาไก่ทรงเครื่อง 5 รส  5 KG",
    "Sales": 327.14,
    "Date": "2025-01-24",
    "Platform": "TikTok"
  },
  {
    "Order_ID": "579909194531179053",
    "Category": "ขนมปังกรอบสอดไส้แยมสับปะรด 5 KG",
    "Sales": 309.92,
    "Date": "2025-01-24",
    "Platform": "TikTok"
  },
  {
    "Order_ID": "579909176697719076",
    "Category": "ขนมปังกรอบรสมะพร้าว 5 KG",
    "Sales": 309.92,
    "Date": "2025-01-24",
    "Platform": "TikTok"
  },
  {
    "Order_ID": "579909127695337755",
    "Category": "ขาไก่ทรงเครื่อง 5 รส  5 KG",
    "Sales": 327.14,
    "Date": "2025-01-24",
    "Platform": "TikTok"
  },
  {
    "Order_ID": "579908931314355059",
    "Category": "ขนมปังกรอบรสมะพร้าว 5 KG",
    "Sales": 310.31,
    "Date": "2025-01-24",
    "Platform": "TikTok"
  },
  {
    "Order_ID": "579908361675115055",
    "Category": "ทับทิมทองทรงเครื่อง 5 รส  5.5 KG",
    "Sales": 322.84,
    "Date": "2025-01-24",
    "Platform": "TikTok"
  },
  {
    "Order_ID": "579908317315631706",
    "Category": "ขนมปังกรอบสอดไส้แยมสับปะรด 5 KG",
    "Sales": 485.81,
    "Date": "2025-01-24",
    "Platform": "TikTok"
  },
  {
    "Order_ID": "579908229703043440",
    "Category": "ขนมปังกรอบรสมะพร้าว 5 KG",
    "Sales": 294.8,
    "Date": "2025-01-23",
    "Platform": "TikTok"
  },
  {
    "Order_ID": "579908092856404904",
    "Category": "ขนมปังกรอบรสมะพร้าว 5 KG",
    "Sales": 294.8,
    "Date": "2025-01-23",
    "Platform": "TikTok"
  },
  {
    "Order_ID": "579907871407705012",
    "Category": "ขนมปังกรอบสอดไส้แยมสับปะรด 5 KG",
    "Sales": 291.92,
    "Date": "2025-01-23",
    "Platform": "TikTok"
  },
  {
    "Order_ID": "579907534915471896",
    "Category": "ขนมปังกรอบสอดไส้แยมสับปะรด 5 KG",
    "Sales": 309.92,
    "Date": "2025-01-23",
    "Platform": "TikTok"
  },
  {
    "Order_ID": "579907517944138070",
    "Category": "ขนมปังกรอบรสมะพร้าว 5 KG",
    "Sales": 310.29,
    "Date": "2025-01-23",
    "Platform": "TikTok"
  },
  {
    "Order_ID": "579907463597230983",
    "Category": "ขนมปังกรอบสอดไส้แยมสับปะรด 5 KG",
    "Sales": 309.92,
    "Date": "2025-01-23",
    "Platform": "TikTok"
  },
  {
    "Order_ID": "579907456424249909",
    "Category": "ทับทิมทองทรงเครื่อง 5 รส  5.5 KG",
    "Sales": 327.14,
    "Date": "2025-01-23",
    "Platform": "TikTok"
  },
  {
    "Order_ID": "579907271913605300",
    "Category": "ขนมปังกรอบสอดไส้แยมสับปะรด 5 KG",
    "Sales": 309.47,
    "Date": "2025-01-23",
    "Platform": "TikTok"
  },
  {
    "Order_ID": "579907206589810823",
    "Category": "สอดไส้ครีมกลิ่นวานิลลา",
    "Sales": 317.68,
    "Date": "2025-01-23",
    "Platform": "TikTok"
  },
  {
    "Order_ID": "579906920302545495",
    "Category": "ขาไก่ทรงเครื่อง 5 รส  5 KG",
    "Sales": 309.62,
    "Date": "2025-01-23",
    "Platform": "TikTok"
  },
  {
    "Order_ID": "579906913508035026",
    "Category": "ขนมปังกรอบรสมะพร้าว 5 KG",
    "Sales": 309.92,
    "Date": "2025-01-23",
    "Platform": "TikTok"
  },
  {
    "Order_ID": "579906901189626668",
    "Category": "ขนมปังกรอบรสมะพร้าว 5 KG",
    "Sales": 291.92,
    "Date": "2025-01-23",
    "Platform": "TikTok"
  },
  {
    "Order_ID": "579906844847278698",
    "Category": "ทับทิมทองทรงเครื่อง 5 รส  5.5 KG",
    "Sales": 327.14,
    "Date": "2025-01-23",
    "Platform": "TikTok"
  },
  {
    "Order_ID": "579906795277224310",
    "Category": "ขาไก่ทรงเครื่อง 5 รส  5 KG",
    "Sales": 327.72,
    "Date": "2025-01-23",
    "Platform": "TikTok"
  },
  {
    "Order_ID": "579906556353088090",
    "Category": "ขนมปังกรอบสอดไส้แยมสับปะรด 5 KG",
    "Sales": 310.5,
    "Date": "2025-01-23",
    "Platform": "TikTok"
  },
  {
    "Order_ID": "579906334549445324",
    "Category": "ทับทิมทองทรงเครื่อง 5 รส  5.5 KG",
    "Sales": 327.14,
    "Date": "2025-01-23",
    "Platform": "TikTok"
  },
  {
    "Order_ID": "579906233539857309",
    "Category": "ขนมปังกรอบรสมะพร้าว 5 KG",
    "Sales": 309.92,
    "Date": "2025-01-23",
    "Platform": "TikTok"
  },
  {
    "Order_ID": "579906146587806235",
    "Category": "ขนมปังกรอบสอดไส้แยมสับปะรด 5 KG",
    "Sales": 309.92,
    "Date": "2025-01-23",
    "Platform": "TikTok"
  },
  {
    "Order_ID": "579906095644379466",
    "Category": "ขนมปังกรอบสอดไส้แยมสับปะรด 5 KG",
    "Sales": 486.13,
    "Date": "2025-01-23",
    "Platform": "TikTok"
  },
  {
    "Order_ID": "579906088616495584",
    "Category": "ขนมปังกรอบสอดไส้แยมสับปะรด 5 KG",
    "Sales": 309.92,
    "Date": "2025-01-23",
    "Platform": "TikTok"
  },
  {
    "Order_ID": "579906041748490388",
    "Category": "ขนมปังกรอบรสมะพร้าว 5 KG",
    "Sales": 310.31,
    "Date": "2025-01-23",
    "Platform": "TikTok"
  },
  {
    "Order_ID": "579905794833549461",
    "Category": "สอดไส้ครีมกลิ่นวานิลลา",
    "Sales": 463.45,
    "Date": "2025-01-23",
    "Platform": "TikTok"
  },
  {
    "Order_ID": "579905794833549461",
    "Category": "คุกกี้แซนวิสสอดไส้ครีมกลิ่นช็อกโกแลต 5 KG",
    "Sales": 0.0,
    "Date": "2025-01-23",
    "Platform": "TikTok"
  },
  {
    "Order_ID": "579905691849100211",
    "Category": "ขาไก่ทรงเครื่อง 5 รส  5 KG",
    "Sales": 327.14,
    "Date": "2025-01-23",
    "Platform": "TikTok"
  },
  {
    "Order_ID": "579905623871031577",
    "Category": "ขนมปังกรอบสอดไส้แยมสับปะรด 5 KG",
    "Sales": 310.5,
    "Date": "2025-01-23",
    "Platform": "TikTok"
  },
  {
    "Order_ID": "579905522790598915",
    "Category": "ขนมปังกรอบสอดไส้แยมสับปะรด 5 KG",
    "Sales": 291.92,
    "Date": "2025-01-22",
    "Platform": "TikTok"
  },
  {
    "Order_ID": "579905501263006576",
    "Category": "ขนมปังกรอบสอดไส้แยมสับปะรด 5 KG",
    "Sales": 309.92,
    "Date": "2025-01-22",
    "Platform": "TikTok"
  },
  {
    "Order_ID": "579905281689160161",
    "Category": "ขนมปังกรอบรสงา 5 KG",
    "Sales": 448.85,
    "Date": "2025-01-22",
    "Platform": "TikTok"
  },
  {
    "Order_ID": "579905257852209633",
    "Category": "ขนมปังกรอบรสมะพร้าว 5 KG",
    "Sales": 875.77,
    "Date": "2025-01-22",
    "Platform": "TikTok"
  },
  {
    "Order_ID": "579905100222073589",
    "Category": "ขนมปังกรอบสอดไส้แยมสับปะรด 5 KG",
    "Sales": 309.92,
    "Date": "2025-01-22",
    "Platform": "TikTok"
  },
  {
    "Order_ID": "579904930173258517",
    "Category": "ขนมปังกรอบสอดไส้แยมสับปะรด 5 KG",
    "Sales": 309.92,
    "Date": "2025-01-22",
    "Platform": "TikTok"
  },
  {
    "Order_ID": "579904941275646591",
    "Category": "ทับทิมทองทรงเครื่อง 5 รส  5.5 KG",
    "Sales": 308.14,
    "Date": "2025-01-22",
    "Platform": "TikTok"
  },
  {
    "Order_ID": "579904897435469841",
    "Category": "ขนมปังกรอบสอดไส้แยมสับปะรด 5 KG",
    "Sales": 309.92,
    "Date": "2025-01-22",
    "Platform": "TikTok"
  },
  {
    "Order_ID": "579904756119013503",
    "Category": "ขนมปังกรอบรสงา 5 KG",
    "Sales": 309.92,
    "Date": "2025-01-22",
    "Platform": "TikTok"
  },
  {
    "Order_ID": "579904581869209937",
    "Category": "ขนมปังกรอบสอดไส้แยมสับปะรด 5 KG",
    "Sales": 309.92,
    "Date": "2025-01-22",
    "Platform": "TikTok"
  },
  {
    "Order_ID": "579904564515932684",
    "Category": "ทับทิมทองทรงเครื่อง 5 รส  5.5 KG",
    "Sales": 327.14,
    "Date": "2025-01-22",
    "Platform": "TikTok"
  },
  {
    "Order_ID": "579904536174299615",
    "Category": "ขนมปังกรอบรสมะพร้าว 5 KG",
    "Sales": 292.93,
    "Date": "2025-01-22",
    "Platform": "TikTok"
  },
  {
    "Order_ID": "579904255139416326",
    "Category": "ขาไก่ทรงเครื่อง 5 รส  5 KG",
    "Sales": 327.14,
    "Date": "2025-01-22",
    "Platform": "TikTok"
  },
  {
    "Order_ID": "579904057056463633",
    "Category": "ขนมปังกรอบสอดไส้แยมสับปะรด 5 KG",
    "Sales": 309.92,
    "Date": "2025-01-22",
    "Platform": "TikTok"
  },
  {
    "Order_ID": "579904014048988049",
    "Category": "ทับทิมทองทรงเครื่อง 5 รส  5.5 KG",
    "Sales": 308.14,
    "Date": "2025-01-22",
    "Platform": "TikTok"
  },
  {
    "Order_ID": "579903953416587572",
    "Category": "ขาไก่ทรงเครื่อง 5 รส  5 KG",
    "Sales": -154.33,
    "Date": "2025-01-22",
    "Platform": "TikTok"
  },
  {
    "Order_ID": "579903851859118395",
    "Category": "ขนมปังกรอบสอดไส้แยมสับปะรด 5 KG",
    "Sales": 310.05,
    "Date": "2025-01-22",
    "Platform": "TikTok"
  },
  {
    "Order_ID": "579903757944261319",
    "Category": "ขนมปังกรอบเค็มรูปเอบีซี 4 KG",
    "Sales": 258.27,
    "Date": "2025-01-22",
    "Platform": "TikTok"
  },
  {
    "Order_ID": "579903804316289342",
    "Category": "ขนมปังกรอบสอดไส้แยมสับปะรด 5 KG",
    "Sales": 309.92,
    "Date": "2025-01-22",
    "Platform": "TikTok"
  },
  {
    "Order_ID": "579903806038771983",
    "Category": "ขนมปังกรอบรสงา 5 KG",
    "Sales": 309.92,
    "Date": "2025-01-22",
    "Platform": "TikTok"
  },
  {
    "Order_ID": "579902866830035462",
    "Category": "ขนมปังกรอบสอดไส้แยมสับปะรด 5 KG",
    "Sales": 309.92,
    "Date": "2025-01-22",
    "Platform": "TikTok"
  },
  {
    "Order_ID": "579902746241305130",
    "Category": "คุกกี้แซนวิสสอดไส้ครีมกลิ่นช็อกโกแลต 5 KG",
    "Sales": 317.23,
    "Date": "2025-01-22",
    "Platform": "TikTok"
  },
  {
    "Order_ID": "579902744293837354",
    "Category": "ขนมปังกรอบรสงา 5 KG",
    "Sales": 309.92,
    "Date": "2025-01-22",
    "Platform": "TikTok"
  },
  {
    "Order_ID": "579902732025236010",
    "Category": "ขาไก่ทรงเครื่อง 5 รส  5 KG",
    "Sales": 327.72,
    "Date": "2025-01-22",
    "Platform": "TikTok"
  },
  {
    "Order_ID": "579902717249685519",
    "Category": "ขนมปังกรอบสอดไส้แยมสับปะรด 5 KG",
    "Sales": 309.92,
    "Date": "2025-01-22",
    "Platform": "TikTok"
  },
  {
    "Order_ID": "579902714495863595",
    "Category": "ขนมปังกรอบรสมะพร้าว 5 KG",
    "Sales": 309.92,
    "Date": "2025-01-22",
    "Platform": "TikTok"
  },
  {
    "Order_ID": "579902577924540456",
    "Category": "ขาไก่ทรงเครื่อง 5 รส  5 KG",
    "Sales": 327.14,
    "Date": "2025-01-22",
    "Platform": "TikTok"
  },
  {
    "Order_ID": "579902538551626110",
    "Category": "ทับทิมทองทรงเครื่อง 5 รส  5.5 KG",
    "Sales": 309.13,
    "Date": "2025-01-22",
    "Platform": "TikTok"
  },
  {
    "Order_ID": "579902512009612169",
    "Category": "ขนมปังกรอบสอดไส้แยมสับปะรด 5 KG",
    "Sales": 309.92,
    "Date": "2025-01-22",
    "Platform": "TikTok"
  },
  {
    "Order_ID": "579902485503576735",
    "Category": "ขนมปังกรอบสอดไส้แยมสับปะรด 5 KG",
    "Sales": 309.92,
    "Date": "2025-01-22",
    "Platform": "TikTok"
  },
  {
    "Order_ID": "579902462765468465",
    "Category": "ขนมปังกรอบสอดไส้แยมสับปะรด 5 KG",
    "Sales": 309.92,
    "Date": "2025-01-22",
    "Platform": "TikTok"
  },
  {
    "Order_ID": "579902422721071963",
    "Category": "ขนมปังกรอบสอดไส้แยมสับปะรด 5 KG",
    "Sales": 309.92,
    "Date": "2025-01-22",
    "Platform": "TikTok"
  },
  {
    "Order_ID": "579902206231349476",
    "Category": "ขนมปังกรอบรสงา 5 KG",
    "Sales": 309.92,
    "Date": "2025-01-21",
    "Platform": "TikTok"
  },
  {
    "Order_ID": "579902187124263057",
    "Category": "ขนมปังกรอบรสมะพร้าว 5 KG",
    "Sales": 309.92,
    "Date": "2025-01-21",
    "Platform": "TikTok"
  },
  {
    "Order_ID": "579902147887204367",
    "Category": "สอดไส้ครีมกลิ่นวานิลลา",
    "Sales": 299.23,
    "Date": "2025-01-21",
    "Platform": "TikTok"
  },
  {
    "Order_ID": "579902007200483455",
    "Category": "ขาไก่ทรงเครื่อง 5 รส  5 KG",
    "Sales": 327.14,
    "Date": "2025-01-21",
    "Platform": "TikTok"
  },
  {
    "Order_ID": "579901811830852596",
    "Category": "ขนมปังกรอบสอดไส้แยมสับปะรด 5 KG",
    "Sales": 484.85,
    "Date": "2025-01-21",
    "Platform": "TikTok"
  },
  {
    "Order_ID": "579901810010327275",
    "Category": "ขนมปังกรอบสอดไส้แยมสับปะรด 5 KG",
    "Sales": 310.41,
    "Date": "2025-01-21",
    "Platform": "TikTok"
  },
  {
    "Order_ID": "579901611419469966",
    "Category": "ขาไก่ทรงเครื่อง 5 รส  5 KG",
    "Sales": 308.14,
    "Date": "2025-01-21",
    "Platform": "TikTok"
  },
  {
    "Order_ID": "579901534003955916",
    "Category": "สอดไส้ครีมกลิ่นวานิลลา",
    "Sales": 499.71,
    "Date": "2025-01-21",
    "Platform": "TikTok"
  },
  {
    "Order_ID": "579901433965480465",
    "Category": "ขนมปังกรอบสอดไส้แยมสับปะรด 5 KG",
    "Sales": 310.41,
    "Date": "2025-01-21",
    "Platform": "TikTok"
  },
  {
    "Order_ID": "579901428642252847",
    "Category": "คุกกี้ก้นหอยสอดไส้ครีมกลิ่นทุเรียน 5 KG",
    "Sales": 317.68,
    "Date": "2025-01-21",
    "Platform": "TikTok"
  },
  {
    "Order_ID": "579901412492347868",
    "Category": "คุกกี้แซนวิสสอดไส้ครีมกลิ่นช็อกโกแลต 5 KG",
    "Sales": 317.68,
    "Date": "2025-01-21",
    "Platform": "TikTok"
  },
  {
    "Order_ID": "579901261115788154",
    "Category": "ขนมปังกรอบสอดไส้แยมสับปะรด 5 KG",
    "Sales": 309.92,
    "Date": "2025-01-21",
    "Platform": "TikTok"
  },
  {
    "Order_ID": "579901136944138515",
    "Category": "ทับทิมทองทรงเครื่อง 5 รส  5.5 KG",
    "Sales": 327.14,
    "Date": "2025-01-21",
    "Platform": "TikTok"
  },
  {
    "Order_ID": "579901068322966161",
    "Category": "ขนมปังกรอบสอดไส้แยมสับปะรด 5 KG",
    "Sales": 309.92,
    "Date": "2025-01-21",
    "Platform": "TikTok"
  },
  {
    "Order_ID": "579901065149909144",
    "Category": "ทับทิมทองทรงเครื่อง 5 รส  5.5 KG",
    "Sales": 327.62,
    "Date": "2025-01-21",
    "Platform": "TikTok"
  },
  {
    "Order_ID": "579901000962050674",
    "Category": "สอดไส้ครีมกลิ่นวานิลลา",
    "Sales": 317.68,
    "Date": "2025-01-21",
    "Platform": "TikTok"
  },
  {
    "Order_ID": "579900983666313296",
    "Category": "ขนมปังกรอบรสมะพร้าว 5 KG",
    "Sales": 310.41,
    "Date": "2025-01-21",
    "Platform": "TikTok"
  },
  {
    "Order_ID": "579900921973868742",
    "Category": "ขนมขาไก่รสดั้งเดิม  5 KG",
    "Sales": 308.96,
    "Date": "2025-01-21",
    "Platform": "TikTok"
  },
  {
    "Order_ID": "579900509453060625",
    "Category": "ขนมปังกรอบเค็มรูปเอบีซี 4 KG",
    "Sales": 258.39,
    "Date": "2025-01-21",
    "Platform": "TikTok"
  },
  {
    "Order_ID": "579900458314927007",
    "Category": "ขนมปังกรอบเค็มรูปเอบีซี 4 KG",
    "Sales": 258.27,
    "Date": "2025-01-21",
    "Platform": "TikTok"
  },
  {
    "Order_ID": "579900447671486482",
    "Category": "ขนมปังกรอบสอดไส้แยมสับปะรด 5 KG",
    "Sales": 929.77,
    "Date": "2025-01-21",
    "Platform": "TikTok"
  },
  {
    "Order_ID": "579900260587243770",
    "Category": "ขนมปังกรอบเค็มรูปเอบีซี 4 KG",
    "Sales": 258.27,
    "Date": "2025-01-21",
    "Platform": "TikTok"
  },
  {
    "Order_ID": "579900148799474166",
    "Category": "ขนมปังกรอบรสมะพร้าว 5 KG",
    "Sales": 291.92,
    "Date": "2025-01-21",
    "Platform": "TikTok"
  },
  {
    "Order_ID": "579900121966938901",
    "Category": "ขาไก่ทรงเครื่อง 5 รส  5 KG",
    "Sales": 328.4,
    "Date": "2025-01-21",
    "Platform": "TikTok"
  },
  {
    "Order_ID": "579899661738806010",
    "Category": "ขนมปังกรอบเค็มรูปเอบีซี 4 KG",
    "Sales": 258.27,
    "Date": "2025-01-21",
    "Platform": "TikTok"
  },
  {
    "Order_ID": "579899534133725392",
    "Category": "ขนมปังกรอบสอดไส้แยมสับปะรด 5 KG",
    "Sales": 309.92,
    "Date": "2025-01-21",
    "Platform": "TikTok"
  },
  {
    "Order_ID": "579898623789992730",
    "Category": "ขนมปังกรอบเค็มรูปเอบีซี 4 KG",
    "Sales": 257.82,
    "Date": "2025-01-20",
    "Platform": "TikTok"
  },
  {
    "Order_ID": "579898190205782223",
    "Category": "ขนมปังกรอบสอดไส้แยมสับปะรด 5 KG",
    "Sales": 485.23,
    "Date": "2025-01-20",
    "Platform": "TikTok"
  },
  {
    "Order_ID": "579898190205782223",
    "Category": "ขนมปังกรอบรสงา 5 KG",
    "Sales": 0.0,
    "Date": "2025-01-20",
    "Platform": "TikTok"
  },
  {
    "Order_ID": "579897666994801255",
    "Category": "ขาไก่ทรงเครื่อง 5 รส  5 KG",
    "Sales": 307.69,
    "Date": "2025-01-20",
    "Platform": "TikTok"
  },
  {
    "Order_ID": "579897517464193456",
    "Category": "ทับทิมทองทรงเครื่อง 5 รส  5.5 KG",
    "Sales": 327.14,
    "Date": "2025-01-20",
    "Platform": "TikTok"
  },
  {
    "Order_ID": "579897330372676599",
    "Category": "ขนมปังกรอบรสมะพร้าว 5 KG",
    "Sales": 309.92,
    "Date": "2025-01-20",
    "Platform": "TikTok"
  },
  {
    "Order_ID": "579897313238682250",
    "Category": "ขนมขาไก่รสดั้งเดิม  5 KG",
    "Sales": 308.14,
    "Date": "2025-01-20",
    "Platform": "TikTok"
  },
  {
    "Order_ID": "579897220999449309",
    "Category": "ขนมปังกรอบสอดไส้แยมสับปะรด 5 KG",
    "Sales": 309.92,
    "Date": "2025-01-20",
    "Platform": "TikTok"
  },
  {
    "Order_ID": "579897168481454242",
    "Category": "ขนมปังกรอบสอดไส้แยมสับปะรด 5 KG",
    "Sales": 309.92,
    "Date": "2025-01-20",
    "Platform": "TikTok"
  },
  {
    "Order_ID": "579897106825644938",
    "Category": "ขนมปังกรอบรสมะพร้าว 5 KG",
    "Sales": 309.47,
    "Date": "2025-01-20",
    "Platform": "TikTok"
  },
  {
    "Order_ID": "579897089866435514",
    "Category": "ขนมปังกรอบสอดไส้แยมสับปะรด 5 KG",
    "Sales": 309.47,
    "Date": "2025-01-20",
    "Platform": "TikTok"
  },
  {
    "Order_ID": "579896897163855944",
    "Category": "ขนมปังกรอบสอดไส้แยมสับปะรด 5 KG",
    "Sales": 310.41,
    "Date": "2025-01-20",
    "Platform": "TikTok"
  },
  {
    "Order_ID": "579896865771391472",
    "Category": "ขนมปังกรอบรสมะพร้าว 5 KG",
    "Sales": 309.92,
    "Date": "2025-01-20",
    "Platform": "TikTok"
  },
  {
    "Order_ID": "579896751434140362",
    "Category": "ขนมปังกรอบรสงา 5 KG",
    "Sales": 309.92,
    "Date": "2025-01-20",
    "Platform": "TikTok"
  },
  {
    "Order_ID": "579896545603455113",
    "Category": "ขาไก่ทรงเครื่อง 5 รส  5 KG",
    "Sales": 307.69,
    "Date": "2025-01-20",
    "Platform": "TikTok"
  },
  {
    "Order_ID": "579896223137499316",
    "Category": "ขนมปังกรอบสอดไส้แยมสับปะรด 5 KG",
    "Sales": 309.92,
    "Date": "2025-01-20",
    "Platform": "TikTok"
  },
  {
    "Order_ID": "579896170787802007",
    "Category": "คุกกี้ก้นหอยสอดไส้ครีมกลิ่นทุเรียน 5 KG",
    "Sales": 500.35,
    "Date": "2025-01-20",
    "Platform": "TikTok"
  },
  {
    "Order_ID": "579896170787802007",
    "Category": "สอดไส้ครีมกลิ่นวานิลลา",
    "Sales": 0.0,
    "Date": "2025-01-20",
    "Platform": "TikTok"
  },
  {
    "Order_ID": "579896064419007457",
    "Category": "ขนมปังกรอบสอดไส้แยมสับปะรด 5 KG",
    "Sales": 309.92,
    "Date": "2025-01-20",
    "Platform": "TikTok"
  },
  {
    "Order_ID": "579895649881656120",
    "Category": "ขนมปังกรอบสอดไส้แยมสับปะรด 5 KG",
    "Sales": 309.92,
    "Date": "2025-01-20",
    "Platform": "TikTok"
  },
  {
    "Order_ID": "579895604993361996",
    "Category": "ขนมปังกรอบรสงา 5 KG",
    "Sales": 309.47,
    "Date": "2025-01-20",
    "Platform": "TikTok"
  },
  {
    "Order_ID": "579895202724874755",
    "Category": "ขนมปังกรอบสอดไส้แยมสับปะรด 5 KG",
    "Sales": 310.41,
    "Date": "2025-01-19",
    "Platform": "TikTok"
  },
  {
    "Order_ID": "579894946402241319",
    "Category": "ขนมปังกรอบสอดไส้แยมสับปะรด 5 KG",
    "Sales": 309.92,
    "Date": "2025-01-19",
    "Platform": "TikTok"
  },
  {
    "Order_ID": "579894695939705119",
    "Category": "ขนมปังกรอบสอดไส้แยมสับปะรด 5 KG",
    "Sales": 309.92,
    "Date": "2025-01-19",
    "Platform": "TikTok"
  },
  {
    "Order_ID": "579894622593387190",
    "Category": "ขนมปังกรอบเค็มรูปเอบีซี 4 KG",
    "Sales": 258.27,
    "Date": "2025-01-19",
    "Platform": "TikTok"
  },
  {
    "Order_ID": "579894391902931782",
    "Category": "สอดไส้ครีมกลิ่นวานิลลา",
    "Sales": 317.68,
    "Date": "2025-01-19",
    "Platform": "TikTok"
  },
  {
    "Order_ID": "579894375804865350",
    "Category": "ขนมปังกรอบสอดไส้แยมสับปะรด 5 KG",
    "Sales": 309.92,
    "Date": "2025-01-19",
    "Platform": "TikTok"
  },
  {
    "Order_ID": "579893788610366181",
    "Category": "ทับทิมทองทรงเครื่อง 5 รส  5.5 KG",
    "Sales": 327.14,
    "Date": "2025-01-19",
    "Platform": "TikTok"
  },
  {
    "Order_ID": "579893558343927986",
    "Category": "ขาไก่ทรงเครื่อง 5 รส  5 KG",
    "Sales": 327.62,
    "Date": "2025-01-19",
    "Platform": "TikTok"
  },
  {
    "Order_ID": "579893469326314215",
    "Category": "ขนมปังกรอบสอดไส้แยมสับปะรด 5 KG",
    "Sales": 309.47,
    "Date": "2025-01-19",
    "Platform": "TikTok"
  },
  {
    "Order_ID": "579893463224519399",
    "Category": "สอดไส้ครีมกลิ่นวานิลลา",
    "Sales": 317.23,
    "Date": "2025-01-19",
    "Platform": "TikTok"
  },
  {
    "Order_ID": "579893458388814567",
    "Category": "สอดไส้ครีมกลิ่นวานิลลา",
    "Sales": 317.23,
    "Date": "2025-01-19",
    "Platform": "TikTok"
  },
  {
    "Order_ID": "579893462531410663",
    "Category": "คุกกี้ก้นหอยสอดไส้ครีมกลิ่นทุเรียน 5 KG",
    "Sales": 317.23,
    "Date": "2025-01-19",
    "Platform": "TikTok"
  },
  {
    "Order_ID": "579893456284125927",
    "Category": "คุกกี้แซนวิสสอดไส้ครีมกลิ่นช็อกโกแลต 5 KG",
    "Sales": 317.23,
    "Date": "2025-01-19",
    "Platform": "TikTok"
  },
  {
    "Order_ID": "579893383881722080",
    "Category": "ทับทิมทองทรงเครื่อง 5 รส  5.5 KG",
    "Sales": 327.14,
    "Date": "2025-01-19",
    "Platform": "TikTok"
  },
  {
    "Order_ID": "579893200398027513",
    "Category": "ขนมปังกรอบเค็มรูปเอบีซี 4 KG",
    "Sales": 258.27,
    "Date": "2025-01-19",
    "Platform": "TikTok"
  },
  {
    "Order_ID": "579892818714266343",
    "Category": "ทับทิมทองทรงเครื่อง 5 รส  5.5 KG",
    "Sales": 326.69,
    "Date": "2025-01-19",
    "Platform": "TikTok"
  },
  {
    "Order_ID": "579892824438311655",
    "Category": "ขาไก่ทรงเครื่อง 5 รส  5 KG",
    "Sales": 326.69,
    "Date": "2025-01-19",
    "Platform": "TikTok"
  },
  {
    "Order_ID": "579892657916250119",
    "Category": "สอดไส้ครีมกลิ่นวานิลลา",
    "Sales": 575.95,
    "Date": "2025-01-19",
    "Platform": "TikTok"
  },
  {
    "Order_ID": "579892657916250119",
    "Category": "ขนมปังกรอบเค็มรูปเอบีซี 4 KG",
    "Sales": 0.0,
    "Date": "2025-01-19",
    "Platform": "TikTok"
  },
  {
    "Order_ID": "579892575227709694",
    "Category": "ทับทิมทองทรงเครื่อง 5 รส  5.5 KG",
    "Sales": 327.14,
    "Date": "2025-01-19",
    "Platform": "TikTok"
  },
  {
    "Order_ID": "579892574184114696",
    "Category": "ขนมปังกรอบสอดไส้แยมสับปะรด 5 KG",
    "Sales": 309.92,
    "Date": "2025-01-19",
    "Platform": "TikTok"
  },
  {
    "Order_ID": "579892430263191839",
    "Category": "ขนมปังกรอบสอดไส้แยมสับปะรด 5 KG",
    "Sales": 310.41,
    "Date": "2025-01-19",
    "Platform": "TikTok"
  },
  {
    "Order_ID": "579892071001066287",
    "Category": "ขาไก่ทรงเครื่อง 5 รส  5 KG",
    "Sales": 327.25,
    "Date": "2025-01-19",
    "Platform": "TikTok"
  },
  {
    "Order_ID": "579891789297322601",
    "Category": "ขนมปังกรอบรสมะพร้าว 5 KG",
    "Sales": 310.41,
    "Date": "2025-01-19",
    "Platform": "TikTok"
  },
  {
    "Order_ID": "579891760174500044",
    "Category": "ขนมปังกรอบสอดไส้แยมสับปะรด 5 KG",
    "Sales": 309.92,
    "Date": "2025-01-19",
    "Platform": "TikTok"
  },
  {
    "Order_ID": "579891422877616523",
    "Category": "ขนมปังกรอบสอดไส้แยมสับปะรด 5 KG",
    "Sales": 310.41,
    "Date": "2025-01-19",
    "Platform": "TikTok"
  },
  {
    "Order_ID": "579890913589103431",
    "Category": "ข้าวเกรียบหมึกรสเผ็ดหวาน 400 G",
    "Sales": 108.93,
    "Date": "2025-01-18",
    "Platform": "TikTok"
  },
  {
    "Order_ID": "579890826424781588",
    "Category": "ขนมปังกรอบสอดไส้แยมสับปะรด 5 KG",
    "Sales": 309.92,
    "Date": "2025-01-18",
    "Platform": "TikTok"
  },
  {
    "Order_ID": "579890490489735390",
    "Category": "ขนมปังกรอบเค็มรูปเอบีซี 4 KG",
    "Sales": 258.27,
    "Date": "2025-01-18",
    "Platform": "TikTok"
  },
  {
    "Order_ID": "579890070812134076",
    "Category": "ขาไก่ทรงเครื่อง 5 รส  5 KG",
    "Sales": 327.14,
    "Date": "2025-01-18",
    "Platform": "TikTok"
  },
  {
    "Order_ID": "579889920276728571",
    "Category": "สอดไส้ครีมกลิ่นวานิลลา",
    "Sales": 317.68,
    "Date": "2025-01-18",
    "Platform": "TikTok"
  },
  {
    "Order_ID": "579889568619989143",
    "Category": "ขาไก่ทรงเครื่อง 5 รส  5 KG",
    "Sales": 326.69,
    "Date": "2025-01-18",
    "Platform": "TikTok"
  },
  {
    "Order_ID": "579889337119705103",
    "Category": "ขนมปังกรอบรสงา 5 KG",
    "Sales": 309.47,
    "Date": "2025-01-18",
    "Platform": "TikTok"
  },
  {
    "Order_ID": "579889029802134130",
    "Category": "ขนมปังกรอบรสงา 5 KG",
    "Sales": 309.47,
    "Date": "2025-01-18",
    "Platform": "TikTok"
  },
  {
    "Order_ID": "579888749704153563",
    "Category": "ขนมปังกรอบรสมะพร้าว 5 KG",
    "Sales": 309.92,
    "Date": "2025-01-18",
    "Platform": "TikTok"
  },
  {
    "Order_ID": "579888723470616812",
    "Category": "โฟกัส ข้าวโพดอบกรอบ รสคาราเมล  75 G",
    "Sales": 51.46,
    "Date": "2025-01-18",
    "Platform": "TikTok"
  },
  {
    "Order_ID": "579888713525135414",
    "Category": "ขาไก่ทรงเครื่อง 5 รส  5 KG",
    "Sales": 308.14,
    "Date": "2025-01-18",
    "Platform": "TikTok"
  },
  {
    "Order_ID": "579888489154579109",
    "Category": "ทับทิมทองทรงเครื่อง 5 รส  5.5 KG",
    "Sales": 327.14,
    "Date": "2025-01-18",
    "Platform": "TikTok"
  },
  {
    "Order_ID": "579888368739059774",
    "Category": "ขนมปังกรอบรสมะพร้าว 5 KG",
    "Sales": 309.47,
    "Date": "2025-01-18",
    "Platform": "TikTok"
  },
  {
    "Order_ID": "579888281203018285",
    "Category": "ขนมปังกรอบรสมะพร้าว 5 KG",
    "Sales": 309.92,
    "Date": "2025-01-18",
    "Platform": "TikTok"
  },
  {
    "Order_ID": "579888266377136784",
    "Category": "ทับทิมทองทรงเครื่อง 5 รส  5.5 KG",
    "Sales": 308.14,
    "Date": "2025-01-18",
    "Platform": "TikTok"
  },
  {
    "Order_ID": "579887145069086885",
    "Category": "ขนมปังกรอบเค็มรูปเอบีซี 4 KG",
    "Sales": 58.22,
    "Date": "2025-01-17",
    "Platform": "TikTok"
  },
  {
    "Order_ID": "579887013170809371",
    "Category": "ขนมปังกรอบรสมะพร้าว 5 KG",
    "Sales": 310.25,
    "Date": "2025-01-17",
    "Platform": "TikTok"
  },
  {
    "Order_ID": "579886981063871116",
    "Category": "ขนมปังกรอบสอดไส้แยมสับปะรด 5 KG",
    "Sales": 309.92,
    "Date": "2025-01-17",
    "Platform": "TikTok"
  },
  {
    "Order_ID": "579886782948018909",
    "Category": "ขนมปังกรอบเค็มรูปเอบีซี 4 KG",
    "Sales": 258.27,
    "Date": "2025-01-17",
    "Platform": "TikTok"
  },
  {
    "Order_ID": "579886329546115488",
    "Category": "ทับทิมทองทรงเครื่อง 5 รส  5.5 KG",
    "Sales": 347.47,
    "Date": "2025-01-17",
    "Platform": "TikTok"
  },
  {
    "Order_ID": "579886174370564156",
    "Category": "ทับทิมทองทรงเครื่อง 5 รส  5.5 KG",
    "Sales": 327.14,
    "Date": "2025-01-17",
    "Platform": "TikTok"
  },
  {
    "Order_ID": "579886182818089219",
    "Category": "คุกกี้แซนวิสสอดไส้ครีมกลิ่นช็อกโกแลต 5 KG",
    "Sales": 317.68,
    "Date": "2025-01-17",
    "Platform": "TikTok"
  },
  {
    "Order_ID": "579885864053606937",
    "Category": "ขาไก่ทรงเครื่อง 5 รส  5 KG",
    "Sales": 308.14,
    "Date": "2025-01-17",
    "Platform": "TikTok"
  },
  {
    "Order_ID": "579885666725366131",
    "Category": "ขนมปังกรอบเค็มรูปเอบีซี 4 KG",
    "Sales": 258.27,
    "Date": "2025-01-17",
    "Platform": "TikTok"
  },
  {
    "Order_ID": "579885769810806836",
    "Category": "ขนมปังกรอบรสมะพร้าว 5 KG",
    "Sales": 309.92,
    "Date": "2025-01-17",
    "Platform": "TikTok"
  },
  {
    "Order_ID": "579885514139863563",
    "Category": "ขนมปังกรอบรสงา 5 KG",
    "Sales": 309.92,
    "Date": "2025-01-17",
    "Platform": "TikTok"
  },
  {
    "Order_ID": "579885385340455863",
    "Category": "ทับทิมทองทรงเครื่อง 5 รส  5.5 KG",
    "Sales": 327.14,
    "Date": "2025-01-17",
    "Platform": "TikTok"
  },
  {
    "Order_ID": "579885563583302135",
    "Category": "คุกกี้ก้นหอยสอดไส้ครีมกลิ่นใบเตย 5 KG",
    "Sales": 967.63,
    "Date": "2025-01-17",
    "Platform": "TikTok"
  },
  {
    "Order_ID": "579885563583302135",
    "Category": "คุกกี้ก้นหอยสอดไส้ครีมกลิ่นทุเรียน 5 KG",
    "Sales": 0.0,
    "Date": "2025-01-17",
    "Platform": "TikTok"
  },
  {
    "Order_ID": "579885563583302135",
    "Category": "ขาไก่ทรงเครื่อง 5 รส  5 KG",
    "Sales": 0.0,
    "Date": "2025-01-17",
    "Platform": "TikTok"
  },
  {
    "Order_ID": "579885174682520255",
    "Category": "ขนมปังกรอบรสมะพร้าว 5 KG",
    "Sales": 309.92,
    "Date": "2025-01-17",
    "Platform": "TikTok"
  },
  {
    "Order_ID": "579884419886385966",
    "Category": "คุกกี้แซนวิสสอดไส้ครีมกลิ่นช็อกโกแลต 5 KG",
    "Sales": 317.23,
    "Date": "2025-01-17",
    "Platform": "TikTok"
  },
  {
    "Order_ID": "579884177193601459",
    "Category": "ขนมปังกรอบรสมะพร้าว 5 KG",
    "Sales": 954.74,
    "Date": "2025-01-17",
    "Platform": "TikTok"
  },
  {
    "Order_ID": "579884177193601459",
    "Category": "สอดไส้ครีมกลิ่นวานิลลา",
    "Sales": 0.0,
    "Date": "2025-01-17",
    "Platform": "TikTok"
  },
  {
    "Order_ID": "579884177193601459",
    "Category": "ขาไก่ทรงเครื่อง 5 รส  5 KG",
    "Sales": 0.0,
    "Date": "2025-01-17",
    "Platform": "TikTok"
  },
  {
    "Order_ID": "579883929250138911",
    "Category": "ทับทิมทองทรงเครื่อง 5 รส  5.5 KG",
    "Sales": 326.69,
    "Date": "2025-01-17",
    "Platform": "TikTok"
  },
  {
    "Order_ID": "579883585702169160",
    "Category": "ขนมขาไก่รสดั้งเดิม  5 KG",
    "Sales": 327.14,
    "Date": "2025-01-17",
    "Platform": "TikTok"
  },
  {
    "Order_ID": "579883567787706828",
    "Category": "ขนมปังกรอบรสงา 5 KG",
    "Sales": 310.5,
    "Date": "2025-01-17",
    "Platform": "TikTok"
  },
  {
    "Order_ID": "579883508757531283",
    "Category": "ขนมปังกรอบเค็มรูปเอบีซี 4 KG",
    "Sales": 257.82,
    "Date": "2025-01-17",
    "Platform": "TikTok"
  },
  {
    "Order_ID": "579883423520557874",
    "Category": "ขนมปังกรอบสอดไส้แยมสับปะรด 5 KG",
    "Sales": 618.24,
    "Date": "2025-01-17",
    "Platform": "TikTok"
  },
  {
    "Order_ID": "579883332551739876",
    "Category": "ทับทิมทองทรงเครื่อง 5 รส  5.5 KG",
    "Sales": 327.14,
    "Date": "2025-01-17",
    "Platform": "TikTok"
  },
  {
    "Order_ID": "579883286608710037",
    "Category": "ขนมปังกรอบรสมะพร้าว 5 KG",
    "Sales": 309.92,
    "Date": "2025-01-17",
    "Platform": "TikTok"
  },
  {
    "Order_ID": "579883240223312794",
    "Category": "ขาไก่ทรงเครื่อง 5 รส  5 KG",
    "Sales": 326.69,
    "Date": "2025-01-17",
    "Platform": "TikTok"
  },
  {
    "Order_ID": "579883235210791834",
    "Category": "ทับทิมทองทรงเครื่อง 5 รส  5.5 KG",
    "Sales": 327.14,
    "Date": "2025-01-17",
    "Platform": "TikTok"
  },
  {
    "Order_ID": "579882807690299937",
    "Category": "ขนมปังกรอบรสงา 5 KG",
    "Sales": 310.41,
    "Date": "2025-01-17",
    "Platform": "TikTok"
  },
  {
    "Order_ID": "579882762398763759",
    "Category": "ขนมปังกรอบรสงา 5 KG",
    "Sales": 291.47,
    "Date": "2025-01-17",
    "Platform": "TikTok"
  },
  {
    "Order_ID": "579881980014070244",
    "Category": "คุกกี้แซนวิสสอดไส้ครีมกลิ่นช็อกโกแลต 5 KG",
    "Sales": 317.68,
    "Date": "2025-01-16",
    "Platform": "TikTok"
  },
  {
    "Order_ID": "579881869709708127",
    "Category": "ขนมปังกรอบสอดไส้แยมสับปะรด 5 KG",
    "Sales": 309.92,
    "Date": "2025-01-16",
    "Platform": "TikTok"
  },
  {
    "Order_ID": "579881778787290097",
    "Category": "ขาไก่ทรงเครื่อง 5 รส  5 KG",
    "Sales": 327.62,
    "Date": "2025-01-16",
    "Platform": "TikTok"
  },
  {
    "Order_ID": "579881711792261799",
    "Category": "ขนมปังกรอบสอดไส้แยมสับปะรด 5 KG",
    "Sales": 309.92,
    "Date": "2025-01-16",
    "Platform": "TikTok"
  },
  {
    "Order_ID": "579881689757158055",
    "Category": "ทับทิมทองทรงเครื่อง 5 รส  5.5 KG",
    "Sales": 327.14,
    "Date": "2025-01-16",
    "Platform": "TikTok"
  },
  {
    "Order_ID": "577829489197483205",
    "Category": "ขาไก่ทรงเครื่อง 5 รส  5 KG",
    "Sales": 327.14,
    "Date": "2025-01-16",
    "Platform": "TikTok"
  },
  {
    "Order_ID": "577829443223913743",
    "Category": "ขาไก่ทรงเครื่อง 5 รส  5 KG",
    "Sales": 327.14,
    "Date": "2025-01-16",
    "Platform": "TikTok"
  },
  {
    "Order_ID": "577829224641889563",
    "Category": "คุกกี้ก้นหอยสอดไส้ครีมกลิ่นทุเรียน 5 KG",
    "Sales": 317.68,
    "Date": "2025-01-16",
    "Platform": "TikTok"
  },
  {
    "Order_ID": "577828242112546081",
    "Category": "คุกกี้แซนวิสสอดไส้ครีมกลิ่นช็อกโกแลต 5 KG",
    "Sales": 317.68,
    "Date": "2025-01-16",
    "Platform": "TikTok"
  },
  {
    "Order_ID": "577827993525257378",
    "Category": "ขนมปังกรอบสอดไส้แยมสับปะรด 5 KG",
    "Sales": 309.92,
    "Date": "2025-01-16",
    "Platform": "TikTok"
  },
  {
    "Order_ID": "579881093679319834",
    "Category": "ขนมปังกรอบรสงา 5 KG",
    "Sales": 309.92,
    "Date": "2025-01-16",
    "Platform": "TikTok"
  },
  {
    "Order_ID": "579880661892499565",
    "Category": "ทับทิมทองทรงเครื่อง 5 รส  5.5 KG",
    "Sales": 308.14,
    "Date": "2025-01-16",
    "Platform": "TikTok"
  },
  {
    "Order_ID": "579880637697656941",
    "Category": "ขาไก่ทรงเครื่อง 5 รส  5 KG",
    "Sales": 308.14,
    "Date": "2025-01-16",
    "Platform": "TikTok"
  },
  {
    "Order_ID": "579880289627965648",
    "Category": "ทับทิมทองทรงเครื่อง 5 รส  5.5 KG",
    "Sales": 327.14,
    "Date": "2025-01-16",
    "Platform": "TikTok"
  },
  {
    "Order_ID": "579879654245239601",
    "Category": "ขนมปังกรอบสอดไส้แยมสับปะรด 5 KG",
    "Sales": 309.92,
    "Date": "2025-01-16",
    "Platform": "TikTok"
  },
  {
    "Order_ID": "579879323129710883",
    "Category": "ขนมปังกรอบเค็มรูปเอบีซี 4 KG",
    "Sales": 257.82,
    "Date": "2025-01-16",
    "Platform": "TikTok"
  },
  {
    "Order_ID": "579879285495138960",
    "Category": "ทับทิมทองทรงเครื่อง 5 รส  5.5 KG",
    "Sales": 654.28,
    "Date": "2025-01-16",
    "Platform": "TikTok"
  },
  {
    "Order_ID": "579878519613720742",
    "Category": "คุกกี้ก้นหอยสอดไส้ครีมกลิ่นกาแฟ 5 KG",
    "Sales": 317.68,
    "Date": "2025-01-15",
    "Platform": "TikTok"
  },
  {
    "Order_ID": "579878508510612207",
    "Category": "สอดไส้ครีมกลิ่นวานิลลา",
    "Sales": 317.68,
    "Date": "2025-01-15",
    "Platform": "TikTok"
  },
  {
    "Order_ID": "579878366723279428",
    "Category": "ขนมปังกรอบสอดไส้แยมสับปะรด 5 KG",
    "Sales": 309.92,
    "Date": "2025-01-15",
    "Platform": "TikTok"
  },
  {
    "Order_ID": "579878169094031884",
    "Category": "ขนมปังกรอบสอดไส้แยมสับปะรด 5 KG",
    "Sales": 309.92,
    "Date": "2025-01-15",
    "Platform": "TikTok"
  },
  {
    "Order_ID": "579878153625373022",
    "Category": "ขาไก่ทรงเครื่อง 5 รส  5 KG",
    "Sales": 308.14,
    "Date": "2025-01-15",
    "Platform": "TikTok"
  },
  {
    "Order_ID": "579878091411065103",
    "Category": "ขนมปังกรอบสอดไส้แยมสับปะรด 5 KG",
    "Sales": 309.92,
    "Date": "2025-01-15",
    "Platform": "TikTok"
  },
  {
    "Order_ID": "579877091801140040",
    "Category": "ขนมปังกรอบรสงา 5 KG",
    "Sales": 309.92,
    "Date": "2025-01-15",
    "Platform": "TikTok"
  },
  {
    "Order_ID": "579877029790910603",
    "Category": "ขนมขาไก่รสดั้งเดิม  5 KG",
    "Sales": 327.14,
    "Date": "2025-01-15",
    "Platform": "TikTok"
  },
  {
    "Order_ID": "579876969998092790",
    "Category": "คุกกี้ก้นหอยสอดไส้ครีมกลิ่นทุเรียน 5 KG",
    "Sales": 317.23,
    "Date": "2025-01-15",
    "Platform": "TikTok"
  },
  {
    "Order_ID": "579876931184659336",
    "Category": "ขนมปังกรอบรสมะพร้าว 5 KG",
    "Sales": 309.92,
    "Date": "2025-01-15",
    "Platform": "TikTok"
  },
  {
    "Order_ID": "579876710672534250",
    "Category": "ขนมปังกรอบสอดไส้แยมสับปะรด 5 KG",
    "Sales": 310.41,
    "Date": "2025-01-15",
    "Platform": "TikTok"
  },
  {
    "Order_ID": "579876347633371924",
    "Category": "ขาไก่ทรงเครื่อง 5 รส  5 KG",
    "Sales": 347.47,
    "Date": "2025-01-15",
    "Platform": "TikTok"
  },
  {
    "Order_ID": "579875972691954548",
    "Category": "ขนมปังกรอบรสมะพร้าว 5 KG",
    "Sales": 309.92,
    "Date": "2025-01-15",
    "Platform": "TikTok"
  },
  {
    "Order_ID": "579875921084909804",
    "Category": "ทับทิมทองทรงเครื่อง 5 รส  5.5 KG",
    "Sales": 327.14,
    "Date": "2025-01-15",
    "Platform": "TikTok"
  },
  {
    "Order_ID": "579875873666337386",
    "Category": "ทับทิมทองทรงเครื่อง 5 รส  5.5 KG",
    "Sales": 327.14,
    "Date": "2025-01-15",
    "Platform": "TikTok"
  },
  {
    "Order_ID": "579875714348976383",
    "Category": "ทับทิมทองทรงเครื่อง 5 รส  5.5 KG",
    "Sales": 327.14,
    "Date": "2025-01-15",
    "Platform": "TikTok"
  },
  {
    "Order_ID": "579874691466562172",
    "Category": "ขนมขาไก่รสดั้งเดิม  5 KG",
    "Sales": 308.14,
    "Date": "2025-01-14",
    "Platform": "TikTok"
  },
  {
    "Order_ID": "579874577712843367",
    "Category": "ทับทิมทองทรงเครื่อง 5 รส  5.5 KG",
    "Sales": 347.47,
    "Date": "2025-01-14",
    "Platform": "TikTok"
  },
  {
    "Order_ID": "579874179169880150",
    "Category": "คุกกี้ก้นหอยสอดไส้ครีมกลิ่นทุเรียน 5 KG",
    "Sales": 317.23,
    "Date": "2025-01-14",
    "Platform": "TikTok"
  },
  {
    "Order_ID": "579873561802804075",
    "Category": "ขนมปังกรอบรสมะพร้าว 5 KG",
    "Sales": 311.18,
    "Date": "2025-01-14",
    "Platform": "TikTok"
  },
  {
    "Order_ID": "579873326034881326",
    "Category": "ขนมปังกรอบรสมะพร้าว 5 KG",
    "Sales": 309.47,
    "Date": "2025-01-14",
    "Platform": "TikTok"
  },
  {
    "Order_ID": "579873321577057070",
    "Category": "ขนมปังกรอบรสงา 5 KG",
    "Sales": 309.47,
    "Date": "2025-01-14",
    "Platform": "TikTok"
  },
  {
    "Order_ID": "579873123373320485",
    "Category": "ทับทิมทองทรงเครื่อง 5 รส  5.5 KG",
    "Sales": 328.47,
    "Date": "2025-01-14",
    "Platform": "TikTok"
  },
  {
    "Order_ID": "579872620119033922",
    "Category": "ขนมขาไก่รสดั้งเดิม  5 KG",
    "Sales": 327.14,
    "Date": "2025-01-14",
    "Platform": "TikTok"
  },
  {
    "Order_ID": "579872590746717161",
    "Category": "ขนมขาไก่รสดั้งเดิม  5 KG",
    "Sales": 328.47,
    "Date": "2025-01-14",
    "Platform": "TikTok"
  },
  {
    "Order_ID": "579872280592550773",
    "Category": "ขนมขาไก่รสดั้งเดิม  5 KG",
    "Sales": 329.95,
    "Date": "2025-01-14",
    "Platform": "TikTok"
  },
  {
    "Order_ID": "579872272428337924",
    "Category": "คุกกี้ก้นหอยสอดไส้ครีมกลิ่นใบเตย 5 KG",
    "Sales": 897.68,
    "Date": "2025-01-14",
    "Platform": "TikTok"
  },
  {
    "Order_ID": "579872272428337924",
    "Category": "คุกกี้ก้นหอยสอดไส้ครีมกลิ่นกาแฟ 5 KG",
    "Sales": 0.0,
    "Date": "2025-01-14",
    "Platform": "TikTok"
  },
  {
    "Order_ID": "579872272428337924",
    "Category": "คุกกี้ก้นหอยสอดไส้ครีมกลิ่นทุเรียน 5 KG",
    "Sales": 0.0,
    "Date": "2025-01-14",
    "Platform": "TikTok"
  },
  {
    "Order_ID": "579872272298182794",
    "Category": "ขนมขาไก่รสดั้งเดิม  5 KG",
    "Sales": 347.47,
    "Date": "2025-01-14",
    "Platform": "TikTok"
  },
  {
    "Order_ID": "579871840479906194",
    "Category": "คุกกี้ก้นหอยสอดไส้ครีมกลิ่นทุเรียน 5 KG",
    "Sales": 317.68,
    "Date": "2025-01-14",
    "Platform": "TikTok"
  },
  {
    "Order_ID": "579870985754806817",
    "Category": "ทับทิมทองทรงเครื่อง 5 รส  5.5 KG",
    "Sales": 308.96,
    "Date": "2025-01-14",
    "Platform": "TikTok"
  },
  {
    "Order_ID": "579869855343741739",
    "Category": "ทับทิมทองทรงเครื่อง 5 รส  5.5 KG",
    "Sales": 327.14,
    "Date": "2025-01-13",
    "Platform": "TikTok"
  },
  {
    "Order_ID": "579869713716971830",
    "Category": "คุกกี้ก้นหอยสอดไส้ครีมกลิ่นทุเรียน 5 KG",
    "Sales": 337.99,
    "Date": "2025-01-13",
    "Platform": "TikTok"
  },
  {
    "Order_ID": "579868554360490076",
    "Category": "คุกกี้ก้นหอยสอดไส้ครีมกลิ่นทุเรียน 5 KG",
    "Sales": 337.42,
    "Date": "2025-01-13",
    "Platform": "TikTok"
  },
  {
    "Order_ID": "579867574192408955",
    "Category": "ขนมขาไก่รสดั้งเดิม  5 KG",
    "Sales": 327.53,
    "Date": "2025-01-13",
    "Platform": "TikTok"
  },
  {
    "Order_ID": "579866606899267652",
    "Category": "ขนมขาไก่รสดั้งเดิม  5 KG",
    "Sales": 347.47,
    "Date": "2025-01-12",
    "Platform": "TikTok"
  },
  {
    "Order_ID": "579865904925870446",
    "Category": "ขนมขาไก่รสดั้งเดิม  5 KG",
    "Sales": 347.47,
    "Date": "2025-01-12",
    "Platform": "TikTok"
  },
  {
    "Order_ID": "579865742652443089",
    "Category": "ขนมปังกรอบสอดไส้แยมสับปะรด 5 KG",
    "Sales": 557.88,
    "Date": "2025-01-12",
    "Platform": "TikTok"
  },
  {
    "Order_ID": "579865742652443089",
    "Category": "คุกกี้ก้นหอยสอดไส้ครีมกลิ่นใบเตย 5 KG",
    "Sales": 0.0,
    "Date": "2025-01-12",
    "Platform": "TikTok"
  },
  {
    "Order_ID": "579865486233274657",
    "Category": "ทับทิมทองทรงเครื่อง 5 รส  5.5 KG",
    "Sales": 328.47,
    "Date": "2025-01-12",
    "Platform": "TikTok"
  },
  {
    "Order_ID": "579865477282040537",
    "Category": "สอดไส้ครีมกลิ่นวานิลลา",
    "Sales": 317.68,
    "Date": "2025-01-12",
    "Platform": "TikTok"
  },
  {
    "Order_ID": "579865298263444471",
    "Category": "คุกกี้แซนวิสสอดไส้ครีมกลิ่นช็อกโกแลต 5 KG",
    "Sales": 317.68,
    "Date": "2025-01-12",
    "Platform": "TikTok"
  },
  {
    "Order_ID": "579864451791554751",
    "Category": "คุกกี้ก้นหอยสอดไส้ครีมกลิ่นใบเตย 5 KG",
    "Sales": 539.83,
    "Date": "2025-01-12",
    "Platform": "TikTok"
  },
  {
    "Order_ID": "579864451791554751",
    "Category": "สอดไส้ครีมกลิ่นวานิลลา",
    "Sales": 0.0,
    "Date": "2025-01-12",
    "Platform": "TikTok"
  },
  {
    "Order_ID": "579864395863132207",
    "Category": "คุกกี้แซนวิสสอดไส้ครีมกลิ่นช็อกโกแลต 5 KG",
    "Sales": 337.42,
    "Date": "2025-01-12",
    "Platform": "TikTok"
  },
  {
    "Order_ID": "579864348703492832",
    "Category": "ทับทิมทองทรงเครื่อง 5 รส  5.5 KG",
    "Sales": 347.47,
    "Date": "2025-01-12",
    "Platform": "TikTok"
  },
  {
    "Order_ID": "579864233560803764",
    "Category": "หมึกเผ็ดหวาน+กุ้งหมึกย่าง 400 กรัม",
    "Sales": 362.48,
    "Date": "2025-01-12",
    "Platform": "TikTok"
  },
  {
    "Order_ID": "579864233560803764",
    "Category": "ขาไก่ทรงเครื่อง 5 รส  5 KG",
    "Sales": 0.0,
    "Date": "2025-01-12",
    "Platform": "TikTok"
  },
  {
    "Order_ID": "579863984938322242",
    "Category": "ทับทิมทองทรงเครื่อง 5 รส  5.5 KG",
    "Sales": 347.47,
    "Date": "2025-01-12",
    "Platform": "TikTok"
  },
  {
    "Order_ID": "579863787101326163",
    "Category": "ขาไก่ทรงเครื่อง 5 รส  5 KG",
    "Sales": 347.47,
    "Date": "2025-01-12",
    "Platform": "TikTok"
  },
  {
    "Order_ID": "579863685124360580",
    "Category": "ขนมปังกรอบสอดไส้แยมสับปะรด 5 KG",
    "Sales": 309.92,
    "Date": "2025-01-12",
    "Platform": "TikTok"
  },
  {
    "Order_ID": "579863505238853945",
    "Category": "ขาไก่ทรงเครื่อง 5 รส  5 KG",
    "Sales": 347.47,
    "Date": "2025-01-12",
    "Platform": "TikTok"
  },
  {
    "Order_ID": "579862386736400915",
    "Category": "ขาไก่ทรงเครื่อง 5 รส  5 KG",
    "Sales": 348.05,
    "Date": "2025-01-11",
    "Platform": "TikTok"
  },
  {
    "Order_ID": "579862304130697679",
    "Category": "ขนมขาไก่รสดั้งเดิม  5 KG",
    "Sales": 504.28,
    "Date": "2025-01-11",
    "Platform": "TikTok"
  },
  {
    "Order_ID": "579862304130697679",
    "Category": "ขาไก่ทรงเครื่อง 5 รส  5 KG",
    "Sales": 0.0,
    "Date": "2025-01-11",
    "Platform": "TikTok"
  },
  {
    "Order_ID": "579861908499433682",
    "Category": "ขาไก่ทรงเครื่อง 5 รส  5 KG",
    "Sales": 328.47,
    "Date": "2025-01-11",
    "Platform": "TikTok"
  },
  {
    "Order_ID": "579861701464197705",
    "Category": "ขนมขาไก่รสดั้งเดิม  5 KG",
    "Sales": 348.05,
    "Date": "2025-01-11",
    "Platform": "TikTok"
  },
  {
    "Order_ID": "579861637980392437",
    "Category": "ขาไก่ทรงเครื่อง 5 รส  5 KG",
    "Sales": 328.47,
    "Date": "2025-01-11",
    "Platform": "TikTok"
  },
  {
    "Order_ID": "579861585442671104",
    "Category": "สอดไส้ครีมกลิ่นวานิลลา",
    "Sales": 317.68,
    "Date": "2025-01-11",
    "Platform": "TikTok"
  },
  {
    "Order_ID": "579861209621825965",
    "Category": "สอดไส้ครีมกลิ่นวานิลลา",
    "Sales": 317.68,
    "Date": "2025-01-11",
    "Platform": "TikTok"
  },
  {
    "Order_ID": "579861200845441701",
    "Category": "คุกกี้ก้นหอยสอดไส้ครีมกลิ่นกาแฟ 5 KG",
    "Sales": 637.93,
    "Date": "2025-01-11",
    "Platform": "TikTok"
  },
  {
    "Order_ID": "579861200845441701",
    "Category": "คุกกี้ก้นหอยสอดไส้ครีมกลิ่นใบเตย 5 KG",
    "Sales": 0.0,
    "Date": "2025-01-11",
    "Platform": "TikTok"
  },
  {
    "Order_ID": "579861080681973775",
    "Category": "ขนมขาไก่รสดั้งเดิม  5 KG",
    "Sales": 347.47,
    "Date": "2025-01-11",
    "Platform": "TikTok"
  },
  {
    "Order_ID": "579861021734307852",
    "Category": "คุกกี้ก้นหอยสอดไส้ครีมกลิ่นทุเรียน 5 KG",
    "Sales": 299.23,
    "Date": "2025-01-11",
    "Platform": "TikTok"
  },
  {
    "Order_ID": "579860970022603558",
    "Category": "คุกกี้ก้นหอยสอดไส้ครีมกลิ่นทุเรียน 5 KG",
    "Sales": 337.42,
    "Date": "2025-01-11",
    "Platform": "TikTok"
  },
  {
    "Order_ID": "579860957624961701",
    "Category": "ขนมปังกรอบรสมะพร้าว 5 KG",
    "Sales": 311.18,
    "Date": "2025-01-11",
    "Platform": "TikTok"
  },
  {
    "Order_ID": "579860791692986614",
    "Category": "สอดไส้ครีมกลิ่นวานิลลา",
    "Sales": 342.23,
    "Date": "2025-01-11",
    "Platform": "TikTok"
  },
  {
    "Order_ID": "579860466579180098",
    "Category": "ขาไก่ทรงเครื่อง 5 รส  5 KG",
    "Sales": 347.47,
    "Date": "2025-01-11",
    "Platform": "TikTok"
  },
  {
    "Order_ID": "579860453041212195",
    "Category": "ขนมขาไก่รสดั้งเดิม  5 KG",
    "Sales": 367.8,
    "Date": "2025-01-11",
    "Platform": "TikTok"
  },
  {
    "Order_ID": "579860340606339849",
    "Category": "ขาไก่ทรงเครื่อง 5 รส  5 KG",
    "Sales": 367.8,
    "Date": "2025-01-11",
    "Platform": "TikTok"
  },
  {
    "Order_ID": "579860255146740230",
    "Category": "ทับทิมทองทรงเครื่อง 5 รส  5.5 KG",
    "Sales": 348.24,
    "Date": "2025-01-11",
    "Platform": "TikTok"
  },
  {
    "Order_ID": "579859991012214894",
    "Category": "ขนมปังกรอบรสมะพร้าว 5 KG",
    "Sales": 329.18,
    "Date": "2025-01-11",
    "Platform": "TikTok"
  },
  {
    "Order_ID": "579859834670451261",
    "Category": "คุกกี้ก้นหอยสอดไส้ครีมกลิ่นทุเรียน 5 KG",
    "Sales": 357.16,
    "Date": "2025-01-11",
    "Platform": "TikTok"
  },
  {
    "Order_ID": "579859828451019019",
    "Category": "ขนมปังกรอบสอดไส้แยมสับปะรด 5 KG",
    "Sales": 348.44,
    "Date": "2025-01-11",
    "Platform": "TikTok"
  },
  {
    "Order_ID": "579859656243644930",
    "Category": "ขนมปังกรอบสอดไส้แยมสับปะรด 5 KG",
    "Sales": 349.02,
    "Date": "2025-01-11",
    "Platform": "TikTok"
  },
  {
    "Order_ID": "579859560707426543",
    "Category": "ขนมปังกรอบสอดไส้แยมสับปะรด 5 KG",
    "Sales": 348.44,
    "Date": "2025-01-11",
    "Platform": "TikTok"
  },
  {
    "Order_ID": "579859529144699851",
    "Category": "ขนมปังกรอบสอดไส้แยมสับปะรด 5 KG",
    "Sales": 348.44,
    "Date": "2025-01-11",
    "Platform": "TikTok"
  },
  {
    "Order_ID": "579859511559096760",
    "Category": "คุกกี้แซนวิสสอดไส้ครีมกลิ่นช็อกโกแลต 5 KG",
    "Sales": 579.31,
    "Date": "2025-01-11",
    "Platform": "TikTok"
  },
  {
    "Order_ID": "579859508375030200",
    "Category": "สอดไส้ครีมกลิ่นวานิลลา",
    "Sales": 579.31,
    "Date": "2025-01-11",
    "Platform": "TikTok"
  },
  {
    "Order_ID": "579859507777604024",
    "Category": "คุกกี้ก้นหอยสอดไส้ครีมกลิ่นทุเรียน 5 KG",
    "Sales": 539.83,
    "Date": "2025-01-11",
    "Platform": "TikTok"
  },
  {
    "Order_ID": "579859489722305315",
    "Category": "ขาไก่ทรงเครื่อง 5 รส  5 KG",
    "Sales": 629.53,
    "Date": "2025-01-11",
    "Platform": "TikTok"
  },
  {
    "Order_ID": "579859482681838371",
    "Category": "ขนมปังกรอบสอดไส้แยมสับปะรด 5 KG",
    "Sales": 1394.58,
    "Date": "2025-01-11",
    "Platform": "TikTok"
  },
  {
    "Order_ID": "579859437498698112",
    "Category": "คุกกี้ก้นหอยสอดไส้ครีมกลิ่นทุเรียน 5 KG",
    "Sales": 357.16,
    "Date": "2025-01-11",
    "Platform": "TikTok"
  },
  {
    "Order_ID": "579859429285071701",
    "Category": "คุกกี้ก้นหอยสอดไส้ครีมกลิ่นใบเตย 5 KG",
    "Sales": 338.71,
    "Date": "2025-01-11",
    "Platform": "TikTok"
  },
  {
    "Order_ID": "579859394912553377",
    "Category": "ขนมปังกรอบรสมะพร้าว 5 KG",
    "Sales": 348.44,
    "Date": "2025-01-11",
    "Platform": "TikTok"
  },
  {
    "Order_ID": "579859339974904801",
    "Category": "ขนมปังกรอบสอดไส้แยมสับปะรด 5 KG",
    "Sales": 348.44,
    "Date": "2025-01-11",
    "Platform": "TikTok"
  },
  {
    "Order_ID": "579859330002421862",
    "Category": "ขนมปังกรอบรสมะพร้าว 5 KG",
    "Sales": 348.44,
    "Date": "2025-01-11",
    "Platform": "TikTok"
  },
  {
    "Order_ID": "579859060812777728",
    "Category": "ขนมปังกรอบสอดไส้แยมสับปะรด 5 KG",
    "Sales": 348.44,
    "Date": "2025-01-11",
    "Platform": "TikTok"
  },
  {
    "Order_ID": "579859051411442049",
    "Category": "ขนมปังกรอบสอดไส้แยมสับปะรด 5 KG",
    "Sales": 348.44,
    "Date": "2025-01-11",
    "Platform": "TikTok"
  },
  {
    "Order_ID": "579859042058341371",
    "Category": "ขนมปังกรอบสอดไส้แยมสับปะรด 5 KG",
    "Sales": 348.44,
    "Date": "2025-01-11",
    "Platform": "TikTok"
  },
  {
    "Order_ID": "579858774485273153",
    "Category": "ขาไก่ทรงเครื่อง 5 รส  5 KG",
    "Sales": 367.8,
    "Date": "2025-01-10",
    "Platform": "TikTok"
  },
  {
    "Order_ID": "579858693753572295",
    "Category": "ขนมปังกรอบสอดไส้แยมสับปะรด 5 KG",
    "Sales": 349.21,
    "Date": "2025-01-10",
    "Platform": "TikTok"
  },
  {
    "Order_ID": "579858585842387266",
    "Category": "ขนมปังกรอบสอดไส้แยมสับปะรด 5 KG",
    "Sales": 348.44,
    "Date": "2025-01-10",
    "Platform": "TikTok"
  },
  {
    "Order_ID": "579858269733881962",
    "Category": "คุกกี้แซนวิสสอดไส้ครีมกลิ่นช็อกโกแลต 5 KG",
    "Sales": 370.71,
    "Date": "2025-01-10",
    "Platform": "TikTok"
  },
  {
    "Order_ID": "579858286014269546",
    "Category": "สอดไส้ครีมกลิ่นวานิลลา",
    "Sales": 370.71,
    "Date": "2025-01-10",
    "Platform": "TikTok"
  },
  {
    "Order_ID": "579858276319856746",
    "Category": "ขนมปังกรอบสอดไส้แยมสับปะรด 5 KG",
    "Sales": 361.99,
    "Date": "2025-01-10",
    "Platform": "TikTok"
  },
  {
    "Order_ID": "579858072775723073",
    "Category": "ขนมปังกรอบสอดไส้แยมสับปะรด 5 KG",
    "Sales": 348.44,
    "Date": "2025-01-10",
    "Platform": "TikTok"
  },
  {
    "Order_ID": "579858012805892169",
    "Category": "ขนมปังกรอบสอดไส้แยมสับปะรด 5 KG",
    "Sales": 348.44,
    "Date": "2025-01-10",
    "Platform": "TikTok"
  },
  {
    "Order_ID": "579857436205287527",
    "Category": "ขาไก่ทรงเครื่อง 5 รส  5 KG",
    "Sales": 367.35,
    "Date": "2025-01-10",
    "Platform": "TikTok"
  },
  {
    "Order_ID": "579857345858996909",
    "Category": "ขนมปังกรอบสอดไส้แยมสับปะรด 5 KG",
    "Sales": 329.18,
    "Date": "2025-01-10",
    "Platform": "TikTok"
  },
  {
    "Order_ID": "579857332729252766",
    "Category": "ขนมปังกรอบรสมะพร้าว 5 KG",
    "Sales": 334.0,
    "Date": "2025-01-10",
    "Platform": "TikTok"
  },
  {
    "Order_ID": "579857068224252055",
    "Category": "ขาไก่ทรงเครื่อง 5 รส  5 KG",
    "Sales": 367.8,
    "Date": "2025-01-10",
    "Platform": "TikTok"
  },
  {
    "Order_ID": "579856939924031667",
    "Category": "คุกกี้ก้นหอยสอดไส้ครีมกลิ่นทุเรียน 5 KG",
    "Sales": 1007.85,
    "Date": "2025-01-10",
    "Platform": "TikTok"
  },
  {
    "Order_ID": "579856939924031667",
    "Category": "คุกกี้แซนวิสสอดไส้ครีมกลิ่นช็อกโกแลต 5 KG",
    "Sales": 0.0,
    "Date": "2025-01-10",
    "Platform": "TikTok"
  },
  {
    "Order_ID": "579856939924031667",
    "Category": "ขนมปังกรอบสอดไส้แยมสับปะรด 5 KG",
    "Sales": 0.0,
    "Date": "2025-01-10",
    "Platform": "TikTok"
  },
  {
    "Order_ID": "579856738966670304",
    "Category": "ทับทิมทองทรงเครื่อง 5 รส  5.5 KG",
    "Sales": 367.8,
    "Date": "2025-01-10",
    "Platform": "TikTok"
  },
  {
    "Order_ID": "579856741911595778",
    "Category": "คุกกี้ก้นหอยสอดไส้ครีมกลิ่นทุเรียน 5 KG",
    "Sales": 338.71,
    "Date": "2025-01-10",
    "Platform": "TikTok"
  },
  {
    "Order_ID": "579856382560668522",
    "Category": "ขนมปังกรอบสอดไส้แยมสับปะรด 5 KG",
    "Sales": 330.44,
    "Date": "2025-01-10",
    "Platform": "TikTok"
  },
  {
    "Order_ID": "579856218353601223",
    "Category": "ขาไก่ทรงเครื่อง 5 รส  5 KG",
    "Sales": 716.25,
    "Date": "2025-01-10",
    "Platform": "TikTok"
  },
  {
    "Order_ID": "579856218353601223",
    "Category": "ขนมปังกรอบสอดไส้แยมสับปะรด 5 KG",
    "Sales": 0.0,
    "Date": "2025-01-10",
    "Platform": "TikTok"
  },
  {
    "Order_ID": "579855891393514247",
    "Category": "ขนมปังกรอบสอดไส้แยมสับปะรด 5 KG",
    "Sales": 348.44,
    "Date": "2025-01-10",
    "Platform": "TikTok"
  },
  {
    "Order_ID": "577787769061606920",
    "Category": "ทับทิมทองทรงเครื่อง 5 รส  5.5 KG",
    "Sales": 348.35,
    "Date": "2025-01-10",
    "Platform": "TikTok"
  },
  {
    "Order_ID": "579855586722286458",
    "Category": "ขนมปังกรอบสอดไส้แยมสับปะรด 5 KG",
    "Sales": 348.44,
    "Date": "2025-01-10",
    "Platform": "TikTok"
  },
  {
    "Order_ID": "579855578953648146",
    "Category": "ขนมปังกรอบสอดไส้แยมสับปะรด 5 KG",
    "Sales": 347.99,
    "Date": "2025-01-10",
    "Platform": "TikTok"
  },
  {
    "Order_ID": "579855432705345988",
    "Category": "ขาไก่ทรงเครื่อง 5 รส  5 KG",
    "Sales": 367.8,
    "Date": "2025-01-10",
    "Platform": "TikTok"
  },
  {
    "Order_ID": "579855334018615972",
    "Category": "ขนมปังกรอบสอดไส้แยมสับปะรด 5 KG",
    "Sales": 347.99,
    "Date": "2025-01-10",
    "Platform": "TikTok"
  },
  {
    "Order_ID": "579855078032246965",
    "Category": "ขนมปังกรอบสอดไส้แยมสับปะรด 5 KG",
    "Sales": 348.44,
    "Date": "2025-01-09",
    "Platform": "TikTok"
  },
  {
    "Order_ID": "579854861325011516",
    "Category": "ขนมปังกรอบสอดไส้แยมสับปะรด 5 KG",
    "Sales": 348.44,
    "Date": "2025-01-09",
    "Platform": "TikTok"
  },
  {
    "Order_ID": "579854479957658063",
    "Category": "ขนมปังกรอบสอดไส้แยมสับปะรด 5 KG",
    "Sales": 348.44,
    "Date": "2025-01-09",
    "Platform": "TikTok"
  },
  {
    "Order_ID": "579854488234789388",
    "Category": "ทับทิมทองทรงเครื่อง 5 รส  5.5 KG",
    "Sales": 367.8,
    "Date": "2025-01-09",
    "Platform": "TikTok"
  },
  {
    "Order_ID": "579854366031383121",
    "Category": "ขนมขาไก่รสดั้งเดิม  5 KG",
    "Sales": 735.6,
    "Date": "2025-01-09",
    "Platform": "TikTok"
  },
  {
    "Order_ID": "579854366031383121",
    "Category": "ขาไก่ทรงเครื่อง 5 รส  5 KG",
    "Sales": 0.0,
    "Date": "2025-01-09",
    "Platform": "TikTok"
  },
  {
    "Order_ID": "579854340326656703",
    "Category": "ขนมปังกรอบรสมะพร้าว 5 KG",
    "Sales": 348.44,
    "Date": "2025-01-09",
    "Platform": "TikTok"
  },
  {
    "Order_ID": "579854160032402206",
    "Category": "ขนมปังกรอบสอดไส้แยมสับปะรด 5 KG",
    "Sales": 349.02,
    "Date": "2025-01-09",
    "Platform": "TikTok"
  },
  {
    "Order_ID": "579854154993404419",
    "Category": "ขาไก่ทรงเครื่อง 5 รส  5 KG",
    "Sales": 367.8,
    "Date": "2025-01-09",
    "Platform": "TikTok"
  },
  {
    "Order_ID": "579853906223532979",
    "Category": "ขนมปังกรอบสอดไส้แยมสับปะรด 5 KG",
    "Sales": 348.44,
    "Date": "2025-01-09",
    "Platform": "TikTok"
  },
  {
    "Order_ID": "579853742704527785",
    "Category": "ขาไก่ทรงเครื่อง 5 รส  5 KG",
    "Sales": 367.8,
    "Date": "2025-01-09",
    "Platform": "TikTok"
  },
  {
    "Order_ID": "579853308837530224",
    "Category": "ขนมปังกรอบสอดไส้แยมสับปะรด 5 KG",
    "Sales": 348.44,
    "Date": "2025-01-09",
    "Platform": "TikTok"
  },
  {
    "Order_ID": "579853207484205601",
    "Category": "ขนมปังกรอบรสงา 5 KG",
    "Sales": 0.0,
    "Date": "2025-01-09",
    "Platform": "TikTok"
  },
  {
    "Order_ID": "579853006830734134",
    "Category": "ทับทิมทองทรงเครื่อง 5 รส  5.5 KG",
    "Sales": 367.8,
    "Date": "2025-01-09",
    "Platform": "TikTok"
  },
  {
    "Order_ID": "579852823299983698",
    "Category": "ขนมปังกรอบสอดไส้แยมสับปะรด 5 KG",
    "Sales": 348.44,
    "Date": "2025-01-09",
    "Platform": "TikTok"
  },
  {
    "Order_ID": "579852753810983495",
    "Category": "ขนมปังกรอบสอดไส้แยมสับปะรด 5 KG",
    "Sales": 348.44,
    "Date": "2025-01-09",
    "Platform": "TikTok"
  },
  {
    "Order_ID": "579852732820981869",
    "Category": "ขนมปังกรอบสอดไส้แยมสับปะรด 5 KG",
    "Sales": 348.44,
    "Date": "2025-01-09",
    "Platform": "TikTok"
  },
  {
    "Order_ID": "579852719405566561",
    "Category": "ขนมปังกรอบสอดไส้แยมสับปะรด 5 KG",
    "Sales": 348.44,
    "Date": "2025-01-09",
    "Platform": "TikTok"
  },
  {
    "Order_ID": "579852676049177014",
    "Category": "ขาไก่ทรงเครื่อง 5 รส  5 KG",
    "Sales": 367.8,
    "Date": "2025-01-09",
    "Platform": "TikTok"
  },
  {
    "Order_ID": "579852496527854396",
    "Category": "ขาไก่ทรงเครื่อง 5 รส  5 KG",
    "Sales": 717.02,
    "Date": "2025-01-09",
    "Platform": "TikTok"
  },
  {
    "Order_ID": "579852496527854396",
    "Category": "ขนมปังกรอบสอดไส้แยมสับปะรด 5 KG",
    "Sales": 0.0,
    "Date": "2025-01-09",
    "Platform": "TikTok"
  },
  {
    "Order_ID": "579852401374432065",
    "Category": "ขาไก่ทรงเครื่อง 5 รส  5 KG",
    "Sales": 348.8,
    "Date": "2025-01-09",
    "Platform": "TikTok"
  },
  {
    "Order_ID": "579852386023934865",
    "Category": "ทับทิมทองทรงเครื่อง 5 รส  5.5 KG",
    "Sales": 368.19,
    "Date": "2025-01-09",
    "Platform": "TikTok"
  },
  {
    "Order_ID": "579852302500595749",
    "Category": "ขนมปังกรอบรสมะพร้าว 5 KG",
    "Sales": 696.89,
    "Date": "2025-01-09",
    "Platform": "TikTok"
  },
  {
    "Order_ID": "579852245429685225",
    "Category": "ขนมปังกรอบสอดไส้แยมสับปะรด 5 KG",
    "Sales": 349.02,
    "Date": "2025-01-09",
    "Platform": "TikTok"
  },
  {
    "Order_ID": "579852174309296620",
    "Category": "ขนมปังกรอบสอดไส้แยมสับปะรด 5 KG",
    "Sales": 348.44,
    "Date": "2025-01-09",
    "Platform": "TikTok"
  },
  {
    "Order_ID": "579852136821983456",
    "Category": "ขาไก่ทรงเครื่อง 5 รส  5 KG",
    "Sales": 367.8,
    "Date": "2025-01-09",
    "Platform": "TikTok"
  },
  {
    "Order_ID": "579852074288778045",
    "Category": "ขนมปังกรอบสอดไส้แยมสับปะรด 5 KG",
    "Sales": 348.44,
    "Date": "2025-01-09",
    "Platform": "TikTok"
  },
  {
    "Order_ID": "579852063972231997",
    "Category": "คุกกี้ก้นหอยสอดไส้ครีมกลิ่นใบเตย 5 KG",
    "Sales": 357.16,
    "Date": "2025-01-09",
    "Platform": "TikTok"
  },
  {
    "Order_ID": "579851966381721910",
    "Category": "ขนมปังกรอบรสมะพร้าว 5 KG",
    "Sales": 348.44,
    "Date": "2025-01-09",
    "Platform": "TikTok"
  },
  {
    "Order_ID": "579851950903298935",
    "Category": "ขนมปังกรอบสอดไส้แยมสับปะรด 5 KG",
    "Sales": 348.44,
    "Date": "2025-01-09",
    "Platform": "TikTok"
  },
  {
    "Order_ID": "579851925333903554",
    "Category": "ขนมปังกรอบสอดไส้แยมสับปะรด 5 KG",
    "Sales": 348.44,
    "Date": "2025-01-09",
    "Platform": "TikTok"
  },
  {
    "Order_ID": "579851876874292039",
    "Category": "ขนมปังกรอบเค็มรูปเอบีซี 4 KG",
    "Sales": 290.37,
    "Date": "2025-01-09",
    "Platform": "TikTok"
  },
  {
    "Order_ID": "579851771880442835",
    "Category": "ขนมปังกรอบเค็มรูปเอบีซี 4 KG",
    "Sales": 289.92,
    "Date": "2025-01-09",
    "Platform": "TikTok"
  },
  {
    "Order_ID": "579851763732547746",
    "Category": "ขาไก่ทรงเครื่อง 5 รส  5 KG",
    "Sales": 367.35,
    "Date": "2025-01-09",
    "Platform": "TikTok"
  },
  {
    "Order_ID": "579851755554179234",
    "Category": "ขนมปังกรอบสอดไส้แยมสับปะรด 5 KG",
    "Sales": 348.44,
    "Date": "2025-01-09",
    "Platform": "TikTok"
  },
  {
    "Order_ID": "579851735629007524",
    "Category": "ขาไก่ทรงเครื่อง 5 รส  5 KG",
    "Sales": 367.8,
    "Date": "2025-01-09",
    "Platform": "TikTok"
  },
  {
    "Order_ID": "579851682137803212",
    "Category": "สอดไส้ครีมกลิ่นวานิลลา",
    "Sales": 356.71,
    "Date": "2025-01-09",
    "Platform": "TikTok"
  },
  {
    "Order_ID": "579851679643371980",
    "Category": "ทับทิมทองทรงเครื่อง 5 รส  5.5 KG",
    "Sales": 367.35,
    "Date": "2025-01-09",
    "Platform": "TikTok"
  },
  {
    "Order_ID": "579851675753875640",
    "Category": "ขนมปังกรอบสอดไส้แยมสับปะรด 5 KG",
    "Sales": 330.44,
    "Date": "2025-01-09",
    "Platform": "TikTok"
  },
  {
    "Order_ID": "579851616765708768",
    "Category": "ขนมปังกรอบเค็มรูปเอบีซี 4 KG",
    "Sales": 290.69,
    "Date": "2025-01-09",
    "Platform": "TikTok"
  },
  {
    "Order_ID": "579850945028852708",
    "Category": "ทับทิมทองทรงเครื่อง 5 รส  5.5 KG",
    "Sales": 348.8,
    "Date": "2025-01-08",
    "Platform": "TikTok"
  },
  {
    "Order_ID": "579850690312047094",
    "Category": "ขนมปังกรอบสอดไส้แยมสับปะรด 5 KG",
    "Sales": 347.99,
    "Date": "2025-01-08",
    "Platform": "TikTok"
  },
  {
    "Order_ID": "579850550544795998",
    "Category": "ขาไก่ทรงเครื่อง 5 รส  5 KG",
    "Sales": 367.8,
    "Date": "2025-01-08",
    "Platform": "TikTok"
  },
  {
    "Order_ID": "579850257340926224",
    "Category": "ขาไก่ทรงเครื่อง 5 รส  5 KG",
    "Sales": 368.19,
    "Date": "2025-01-08",
    "Platform": "TikTok"
  },
  {
    "Order_ID": "579850205309339721",
    "Category": "ขนมปังกรอบสอดไส้แยมสับปะรด 5 KG",
    "Sales": 348.44,
    "Date": "2025-01-08",
    "Platform": "TikTok"
  },
  {
    "Order_ID": "579850075118995472",
    "Category": "ขนมปังกรอบสอดไส้แยมสับปะรด 5 KG",
    "Sales": 347.99,
    "Date": "2025-01-08",
    "Platform": "TikTok"
  },
  {
    "Order_ID": "579850061254593236",
    "Category": "ขนมขาไก่รสดั้งเดิม  5 KG",
    "Sales": 716.25,
    "Date": "2025-01-08",
    "Platform": "TikTok"
  },
  {
    "Order_ID": "579850061254593236",
    "Category": "ขนมปังกรอบสอดไส้แยมสับปะรด 5 KG",
    "Sales": 0.0,
    "Date": "2025-01-08",
    "Platform": "TikTok"
  },
  {
    "Order_ID": "579850060822317879",
    "Category": "ขนมปังกรอบสอดไส้แยมสับปะรด 5 KG",
    "Sales": 348.44,
    "Date": "2025-01-08",
    "Platform": "TikTok"
  },
  {
    "Order_ID": "579850053094968273",
    "Category": "ขาไก่ทรงเครื่อง 5 รส  5 KG",
    "Sales": 367.8,
    "Date": "2025-01-08",
    "Platform": "TikTok"
  },
  {
    "Order_ID": "579850042938198402",
    "Category": "คุกกี้ก้นหอยสอดไส้ครีมกลิ่นทุเรียน 5 KG",
    "Sales": 357.16,
    "Date": "2025-01-08",
    "Platform": "TikTok"
  },
  {
    "Order_ID": "579849769857878638",
    "Category": "ขนมปังกรอบรสมะพร้าว 5 KG",
    "Sales": 348.44,
    "Date": "2025-01-08",
    "Platform": "TikTok"
  },
  {
    "Order_ID": "579849725965339285",
    "Category": "ขาไก่ทรงเครื่อง 5 รส  5 KG",
    "Sales": 368.12,
    "Date": "2025-01-08",
    "Platform": "TikTok"
  },
  {
    "Order_ID": "579849658073581644",
    "Category": "ขนมปังกรอบสอดไส้แยมสับปะรด 5 KG",
    "Sales": 348.44,
    "Date": "2025-01-08",
    "Platform": "TikTok"
  },
  {
    "Order_ID": "579849040059796246",
    "Category": "คุกกี้แซนวิสสอดไส้ครีมกลิ่นช็อกโกแลต 5 KG",
    "Sales": 357.16,
    "Date": "2025-01-08",
    "Platform": "TikTok"
  },
  {
    "Order_ID": "579848991426382061",
    "Category": "ขนมปังกรอบรสงา 5 KG",
    "Sales": 348.44,
    "Date": "2025-01-08",
    "Platform": "TikTok"
  },
  {
    "Order_ID": "579848659853085084",
    "Category": "ขนมปังกรอบรสงา 5 KG",
    "Sales": 348.44,
    "Date": "2025-01-08",
    "Platform": "TikTok"
  },
  {
    "Order_ID": "579848551631457062",
    "Category": "คุกกี้แซนวิสสอดไส้ครีมกลิ่นช็อกโกแลต 5 KG",
    "Sales": 357.16,
    "Date": "2025-01-08",
    "Platform": "TikTok"
  },
  {
    "Order_ID": "579848501580696008",
    "Category": "ขนมปังกรอบเค็มรูปเอบีซี 4 KG",
    "Sales": 290.37,
    "Date": "2025-01-08",
    "Platform": "TikTok"
  },
  {
    "Order_ID": "579848350126934738",
    "Category": "สอดไส้ครีมกลิ่นวานิลลา",
    "Sales": 357.16,
    "Date": "2025-01-08",
    "Platform": "TikTok"
  },
  {
    "Order_ID": "579848349303737224",
    "Category": "คุกกี้ก้นหอยสอดไส้ครีมกลิ่นใบเตย 5 KG",
    "Sales": 357.93,
    "Date": "2025-01-08",
    "Platform": "TikTok"
  },
  {
    "Order_ID": "579847939565980087",
    "Category": "สอดไส้ครีมกลิ่นวานิลลา",
    "Sales": 338.71,
    "Date": "2025-01-08",
    "Platform": "TikTok"
  },
  {
    "Order_ID": "579847812322003692",
    "Category": "ขนมปังกรอบรสมะพร้าว 5 KG",
    "Sales": 348.44,
    "Date": "2025-01-08",
    "Platform": "TikTok"
  },
  {
    "Order_ID": "579847787521608428",
    "Category": "ขนมปังกรอบรสงา 5 KG",
    "Sales": 348.44,
    "Date": "2025-01-08",
    "Platform": "TikTok"
  },
  {
    "Order_ID": "579846317790497277",
    "Category": "ทับทิมทองทรงเครื่อง 5 รส  5.5 KG",
    "Sales": 367.8,
    "Date": "2025-01-07",
    "Platform": "TikTok"
  },
  {
    "Order_ID": "579846200016865875",
    "Category": "ขนมปังกรอบสอดไส้แยมสับปะรด 5 KG",
    "Sales": 349.21,
    "Date": "2025-01-07",
    "Platform": "TikTok"
  },
  {
    "Order_ID": "579845748782106983",
    "Category": "ขนมปังกรอบสอดไส้แยมสับปะรด 5 KG",
    "Sales": 349.47,
    "Date": "2025-01-07",
    "Platform": "TikTok"
  },
  {
    "Order_ID": "579845569822754921",
    "Category": "สอดไส้ครีมกลิ่นวานิลลา",
    "Sales": 357.16,
    "Date": "2025-01-07",
    "Platform": "TikTok"
  },
  {
    "Order_ID": "579845345131071632",
    "Category": "ขนมปังกรอบสอดไส้แยมสับปะรด 5 KG",
    "Sales": 348.93,
    "Date": "2025-01-07",
    "Platform": "TikTok"
  },
  {
    "Order_ID": "579845169343007648",
    "Category": "สอดไส้ครีมกลิ่นวานิลลา",
    "Sales": 357.73,
    "Date": "2025-01-07",
    "Platform": "TikTok"
  },
  {
    "Order_ID": "579845147624376566",
    "Category": "ขนมปังกรอบสอดไส้แยมสับปะรด 5 KG",
    "Sales": 348.44,
    "Date": "2025-01-07",
    "Platform": "TikTok"
  },
  {
    "Order_ID": "579845095511591912",
    "Category": "ขนมปังกรอบสอดไส้แยมสับปะรด 5 KG",
    "Sales": 348.83,
    "Date": "2025-01-07",
    "Platform": "TikTok"
  },
  {
    "Order_ID": "579844956675279863",
    "Category": "ขนมปังกรอบรสมะพร้าว 5 KG",
    "Sales": 696.89,
    "Date": "2025-01-07",
    "Platform": "TikTok"
  },
  {
    "Order_ID": "579844956675279863",
    "Category": "ขนมปังกรอบรสงา 5 KG",
    "Sales": 0.0,
    "Date": "2025-01-07",
    "Platform": "TikTok"
  },
  {
    "Order_ID": "579844816587098436",
    "Category": "ทับทิมทองทรงเครื่อง 5 รส  5.5 KG",
    "Sales": 367.8,
    "Date": "2025-01-07",
    "Platform": "TikTok"
  },
  {
    "Order_ID": "579844747085581259",
    "Category": "ขนมปังกรอบรสมะพร้าว 5 KG",
    "Sales": 696.89,
    "Date": "2025-01-07",
    "Platform": "TikTok"
  },
  {
    "Order_ID": "579844747085581259",
    "Category": "ขนมปังกรอบสอดไส้แยมสับปะรด 5 KG",
    "Sales": 0.0,
    "Date": "2025-01-07",
    "Platform": "TikTok"
  },
  {
    "Order_ID": "579844692831602947",
    "Category": "คุกกี้ก้นหอยสอดไส้ครีมกลิ่นใบเตย 5 KG",
    "Sales": 357.16,
    "Date": "2025-01-07",
    "Platform": "TikTok"
  },
  {
    "Order_ID": "579844628893895184",
    "Category": "ขนมปังกรอบรสมะพร้าว 5 KG",
    "Sales": 348.44,
    "Date": "2025-01-07",
    "Platform": "TikTok"
  },
  {
    "Order_ID": "579844615025363011",
    "Category": "ขนมขาไก่รสดั้งเดิม  5 KG",
    "Sales": 367.8,
    "Date": "2025-01-07",
    "Platform": "TikTok"
  },
  {
    "Order_ID": "579844429835438690",
    "Category": "ขาไก่ทรงเครื่อง 5 รส  5 KG",
    "Sales": 367.8,
    "Date": "2025-01-07",
    "Platform": "TikTok"
  },
  {
    "Order_ID": "579844388579739709",
    "Category": "ขนมขาไก่รสดั้งเดิม  5 KG",
    "Sales": 367.8,
    "Date": "2025-01-07",
    "Platform": "TikTok"
  },
  {
    "Order_ID": "579844373013366821",
    "Category": "ขนมปังกรอบเค็มรูปเอบีซี 4 KG",
    "Sales": 290.37,
    "Date": "2025-01-07",
    "Platform": "TikTok"
  },
  {
    "Order_ID": "579844336992159745",
    "Category": "ขนมปังกรอบรสมะพร้าว 5 KG",
    "Sales": 696.89,
    "Date": "2025-01-07",
    "Platform": "TikTok"
  },
  {
    "Order_ID": "579844194974533633",
    "Category": "ขนมปังกรอบสอดไส้แยมสับปะรด 5 KG",
    "Sales": 348.44,
    "Date": "2025-01-07",
    "Platform": "TikTok"
  },
  {
    "Order_ID": "579844186590054472",
    "Category": "ขนมปังกรอบรสงา 5 KG",
    "Sales": 695.28,
    "Date": "2025-01-07",
    "Platform": "TikTok"
  },
  {
    "Order_ID": "579844186590054472",
    "Category": "ขนมปังกรอบสอดไส้แยมสับปะรด 5 KG",
    "Sales": 0.0,
    "Date": "2025-01-07",
    "Platform": "TikTok"
  },
  {
    "Order_ID": "579844185047075147",
    "Category": "ขนมปังกรอบสอดไส้แยมสับปะรด 5 KG",
    "Sales": 348.44,
    "Date": "2025-01-07",
    "Platform": "TikTok"
  },
  {
    "Order_ID": "579844170727131637",
    "Category": "ขนมปังกรอบสอดไส้แยมสับปะรด 5 KG",
    "Sales": 348.44,
    "Date": "2025-01-07",
    "Platform": "TikTok"
  },
  {
    "Order_ID": "579844074804185906",
    "Category": "ขนมปังกรอบสอดไส้แยมสับปะรด 5 KG",
    "Sales": 696.89,
    "Date": "2025-01-07",
    "Platform": "TikTok"
  },
  {
    "Order_ID": "579844001402686067",
    "Category": "ขนมปังกรอบสอดไส้แยมสับปะรด 5 KG",
    "Sales": 696.89,
    "Date": "2025-01-07",
    "Platform": "TikTok"
  },
  {
    "Order_ID": "579843704677566488",
    "Category": "ขาไก่ทรงเครื่อง 5 รส  5 KG",
    "Sales": 367.8,
    "Date": "2025-01-07",
    "Platform": "TikTok"
  },
  {
    "Order_ID": "579843307301407599",
    "Category": "ขนมปังกรอบสอดไส้แยมสับปะรด 5 KG",
    "Sales": 348.44,
    "Date": "2025-01-06",
    "Platform": "TikTok"
  },
  {
    "Order_ID": "579843083440589238",
    "Category": "ขนมปังกรอบเค็มรูปเอบีซี 4 KG",
    "Sales": 290.37,
    "Date": "2025-01-06",
    "Platform": "TikTok"
  },
  {
    "Order_ID": "579843004894972005",
    "Category": "ทับทิมทองทรงเครื่อง 5 รส  5.5 KG",
    "Sales": 697.6,
    "Date": "2025-01-06",
    "Platform": "TikTok"
  },
  {
    "Order_ID": "579842953979726044",
    "Category": "ทับทิมทองทรงเครื่อง 5 รส  5.5 KG",
    "Sales": 367.8,
    "Date": "2025-01-06",
    "Platform": "TikTok"
  },
  {
    "Order_ID": "579842436068837690",
    "Category": "ขนมปังกรอบเค็มรูปเอบีซี 4 KG",
    "Sales": 290.37,
    "Date": "2025-01-06",
    "Platform": "TikTok"
  },
  {
    "Order_ID": "579842082926791664",
    "Category": "ขนมปังกรอบสอดไส้แยมสับปะรด 5 KG",
    "Sales": 348.44,
    "Date": "2025-01-06",
    "Platform": "TikTok"
  },
  {
    "Order_ID": "579842080627001837",
    "Category": "ขาไก่ทรงเครื่อง 5 รส  5 KG",
    "Sales": 368.38,
    "Date": "2025-01-06",
    "Platform": "TikTok"
  },
  {
    "Order_ID": "579841952814435270",
    "Category": "ขนมปังกรอบสอดไส้แยมสับปะรด 5 KG",
    "Sales": 348.44,
    "Date": "2025-01-06",
    "Platform": "TikTok"
  },
  {
    "Order_ID": "579841902997899649",
    "Category": "ขนมปังกรอบรสงา 5 KG",
    "Sales": 347.99,
    "Date": "2025-01-06",
    "Platform": "TikTok"
  },
  {
    "Order_ID": "579841433816631742",
    "Category": "ขนมขาไก่รสดั้งเดิม  5 KG",
    "Sales": 367.8,
    "Date": "2025-01-06",
    "Platform": "TikTok"
  },
  {
    "Order_ID": "579841298367285586",
    "Category": "ทับทิมทองทรงเครื่อง 5 รส  5.5 KG",
    "Sales": 367.8,
    "Date": "2025-01-06",
    "Platform": "TikTok"
  },
  {
    "Order_ID": "579841292462622850",
    "Category": "ขนมปังกรอบรสงา 5 KG",
    "Sales": 329.99,
    "Date": "2025-01-06",
    "Platform": "TikTok"
  },
  {
    "Order_ID": "579841237606369989",
    "Category": "ขาไก่ทรงเครื่อง 5 รส  5 KG",
    "Sales": 367.8,
    "Date": "2025-01-06",
    "Platform": "TikTok"
  },
  {
    "Order_ID": "579841158488885668",
    "Category": "ทับทิมทองทรงเครื่อง 5 รส  5.5 KG",
    "Sales": 367.8,
    "Date": "2025-01-06",
    "Platform": "TikTok"
  },
  {
    "Order_ID": "579841047099640097",
    "Category": "ขาไก่ทรงเครื่อง 5 รส  5 KG",
    "Sales": 367.8,
    "Date": "2025-01-06",
    "Platform": "TikTok"
  },
  {
    "Order_ID": "579841045634189625",
    "Category": "ขนมปังกรอบสอดไส้แยมสับปะรด 5 KG",
    "Sales": 348.83,
    "Date": "2025-01-06",
    "Platform": "TikTok"
  },
  {
    "Order_ID": "579840703804312121",
    "Category": "ขนมปังกรอบรสมะพร้าว 5 KG",
    "Sales": 348.44,
    "Date": "2025-01-06",
    "Platform": "TikTok"
  },
  {
    "Order_ID": "579840589044091298",
    "Category": "ขนมปังกรอบสอดไส้แยมสับปะรด 5 KG",
    "Sales": 349.02,
    "Date": "2025-01-06",
    "Platform": "TikTok"
  },
  {
    "Order_ID": "579840417845905877",
    "Category": "ขนมปังกรอบเค็มรูปเอบีซี 4 KG",
    "Sales": 290.37,
    "Date": "2025-01-06",
    "Platform": "TikTok"
  },
  {
    "Order_ID": "579840261693671949",
    "Category": "ขาไก่ทรงเครื่อง 5 รส  5 KG",
    "Sales": 367.8,
    "Date": "2025-01-06",
    "Platform": "TikTok"
  },
  {
    "Order_ID": "579840136421542167",
    "Category": "ขนมขาไก่รสดั้งเดิม  5 KG",
    "Sales": 367.8,
    "Date": "2025-01-06",
    "Platform": "TikTok"
  },
  {
    "Order_ID": "579840130191296661",
    "Category": "ขาไก่ทรงเครื่อง 5 รส  5 KG",
    "Sales": 348.35,
    "Date": "2025-01-06",
    "Platform": "TikTok"
  },
  {
    "Order_ID": "579840020845071135",
    "Category": "ขาไก่ทรงเครื่อง 5 รส  5 KG",
    "Sales": 367.8,
    "Date": "2025-01-06",
    "Platform": "TikTok"
  },
  {
    "Order_ID": "579839959530375197",
    "Category": "ขนมขาไก่รสดั้งเดิม  5 KG",
    "Sales": 367.8,
    "Date": "2025-01-06",
    "Platform": "TikTok"
  },
  {
    "Order_ID": "579839647989467178",
    "Category": "ขาไก่ทรงเครื่อง 5 รส  5 KG",
    "Sales": 367.8,
    "Date": "2025-01-05",
    "Platform": "TikTok"
  },
  {
    "Order_ID": "579839450533103896",
    "Category": "ขนมปังกรอบรสมะพร้าว 5 KG",
    "Sales": 349.02,
    "Date": "2025-01-05",
    "Platform": "TikTok"
  },
  {
    "Order_ID": "579839413301119092",
    "Category": "ขาไก่ทรงเครื่อง 5 รส  5 KG",
    "Sales": 367.8,
    "Date": "2025-01-05",
    "Platform": "TikTok"
  },
  {
    "Order_ID": "579839313954769222",
    "Category": "ขาไก่ทรงเครื่อง 5 รส  5 KG",
    "Sales": 348.8,
    "Date": "2025-01-05",
    "Platform": "TikTok"
  },
  {
    "Order_ID": "579839165890464400",
    "Category": "ขนมปังกรอบเค็มรูปเอบีซี 4 KG",
    "Sales": 290.37,
    "Date": "2025-01-05",
    "Platform": "TikTok"
  },
  {
    "Order_ID": "579839063663217468",
    "Category": "ขนมปังกรอบรสงา 5 KG",
    "Sales": 348.44,
    "Date": "2025-01-05",
    "Platform": "TikTok"
  },
  {
    "Order_ID": "579838826972416116",
    "Category": "ขาไก่ทรงเครื่อง 5 รส  5 KG",
    "Sales": 367.8,
    "Date": "2025-01-05",
    "Platform": "TikTok"
  },
  {
    "Order_ID": "579838743670524473",
    "Category": "คุกกี้ก้นหอยสอดไส้ครีมกลิ่นใบเตย 5 KG",
    "Sales": 357.16,
    "Date": "2025-01-05",
    "Platform": "TikTok"
  },
  {
    "Order_ID": "579838724552558644",
    "Category": "ขนมปังกรอบรสงา 5 KG",
    "Sales": 348.44,
    "Date": "2025-01-05",
    "Platform": "TikTok"
  },
  {
    "Order_ID": "579838518772271943",
    "Category": "เวเฟอร์แผ่นสอดไส้ครีมรสช็อกโกแลต ",
    "Sales": 309.73,
    "Date": "2025-01-05",
    "Platform": "TikTok"
  },
  {
    "Order_ID": "579838475666557803",
    "Category": "ขาไก่ทรงเครื่อง 5 รส  5 KG",
    "Sales": 367.8,
    "Date": "2025-01-05",
    "Platform": "TikTok"
  },
  {
    "Order_ID": "579837845512358737",
    "Category": "คุกกี้ก้นหอยสอดไส้ครีมกลิ่นทุเรียน 5 KG",
    "Sales": 357.16,
    "Date": "2025-01-05",
    "Platform": "TikTok"
  },
  {
    "Order_ID": "579837720053844918",
    "Category": "เวเฟอร์แผ่นสอดไส้ครีมกลิ่นส้ม ",
    "Sales": 309.73,
    "Date": "2025-01-05",
    "Platform": "TikTok"
  },
  {
    "Order_ID": "579837680844704328",
    "Category": "ขนมปังกรอบรสมะพร้าว 5 KG",
    "Sales": 636.89,
    "Date": "2025-01-05",
    "Platform": "TikTok"
  },
  {
    "Order_ID": "579837404796258960",
    "Category": "ขาไก่ทรงเครื่อง 5 รส  5 KG",
    "Sales": 367.8,
    "Date": "2025-01-05",
    "Platform": "TikTok"
  },
  {
    "Order_ID": "579837257069070780",
    "Category": "เวเฟอร์แผ่นสอดไส้ครีมรสช็อกโกแลต ",
    "Sales": 309.73,
    "Date": "2025-01-05",
    "Platform": "TikTok"
  },
  {
    "Order_ID": "579837256790739596",
    "Category": "ขนมปังกรอบรสงา 5 KG",
    "Sales": 348.44,
    "Date": "2025-01-05",
    "Platform": "TikTok"
  },
  {
    "Order_ID": "579837115337903044",
    "Category": "ขาไก่ทรงเครื่อง 5 รส  5 KG",
    "Sales": 367.8,
    "Date": "2025-01-05",
    "Platform": "TikTok"
  },
  {
    "Order_ID": "579836893812394532",
    "Category": "เวเฟอร์แผ่นสอดไส้ครีมรสช็อกโกแลต ",
    "Sales": 309.73,
    "Date": "2025-01-05",
    "Platform": "TikTok"
  },
  {
    "Order_ID": "579836810514107011",
    "Category": "เวเฟอร์แผ่นสอดไส้ครีมรสช็อกโกแลต ",
    "Sales": 309.73,
    "Date": "2025-01-05",
    "Platform": "TikTok"
  },
  {
    "Order_ID": "579836791637576339",
    "Category": "ขนมปังกรอบเค็มรูปเอบีซี 4 KG",
    "Sales": 290.37,
    "Date": "2025-01-05",
    "Platform": "TikTok"
  },
  {
    "Order_ID": "579836735457232923",
    "Category": "ขนมปังกรอบเค็มรูปเอบีซี 4 KG",
    "Sales": 290.37,
    "Date": "2025-01-05",
    "Platform": "TikTok"
  },
  {
    "Order_ID": "579836720508013095",
    "Category": "ขนมปังกรอบรสงา 5 KG",
    "Sales": 349.02,
    "Date": "2025-01-05",
    "Platform": "TikTok"
  },
  {
    "Order_ID": "579836544522291507",
    "Category": "ขาไก่ทรงเครื่อง 5 รส  5 KG",
    "Sales": 367.8,
    "Date": "2025-01-05",
    "Platform": "TikTok"
  },
  {
    "Order_ID": "579836492119247122",
    "Category": "เวเฟอร์แผ่นสอดไส้ครีมกลิ่นมะพร้าว",
    "Sales": 309.73,
    "Date": "2025-01-05",
    "Platform": "TikTok"
  },
  {
    "Order_ID": "579836490774186258",
    "Category": "เวเฟอร์แผ่นสอดไส้ครีมกลิ่นส้ม ",
    "Sales": 309.73,
    "Date": "2025-01-05",
    "Platform": "TikTok"
  },
  {
    "Order_ID": "579836485990255355",
    "Category": "เวเฟอร์แผ่นสอดไส้ครีมกลิ่นส้ม ",
    "Sales": 929.18,
    "Date": "2025-01-05",
    "Platform": "TikTok"
  },
  {
    "Order_ID": "579836365689358374",
    "Category": "ขนมขาไก่รสดั้งเดิม  5 KG",
    "Sales": 367.8,
    "Date": "2025-01-05",
    "Platform": "TikTok"
  },
  {
    "Order_ID": "579836332002281490",
    "Category": "ขนมปังกรอบสอดไส้แยมสับปะรด 5 KG",
    "Sales": 348.44,
    "Date": "2025-01-05",
    "Platform": "TikTok"
  },
  {
    "Order_ID": "579836128745393095",
    "Category": "ขาไก่ทรงเครื่อง 5 รส  5 KG",
    "Sales": 367.8,
    "Date": "2025-01-05",
    "Platform": "TikTok"
  },
  {
    "Order_ID": "579833876874233953",
    "Category": "ขาไก่ทรงเครื่อง 5 รส  5 KG",
    "Sales": 0.0,
    "Date": "2025-01-04",
    "Platform": "TikTok"
  },
  {
    "Order_ID": "579833446230690034",
    "Category": "ขนมปังกรอบสอดไส้แยมสับปะรด 5 KG",
    "Sales": 348.44,
    "Date": "2025-01-04",
    "Platform": "TikTok"
  },
  {
    "Order_ID": "579833430752070074",
    "Category": "ขนมปังกรอบรสงา 5 KG",
    "Sales": 348.44,
    "Date": "2025-01-04",
    "Platform": "TikTok"
  },
  {
    "Order_ID": "579833404818295146",
    "Category": "ทับทิมทองทรงเครื่อง 5 รส  5.5 KG",
    "Sales": 367.8,
    "Date": "2025-01-04",
    "Platform": "TikTok"
  },
  {
    "Order_ID": "579833402619365851",
    "Category": "ทับทิมทองทรงเครื่อง 5 รส  5.5 KG",
    "Sales": 368.19,
    "Date": "2025-01-04",
    "Platform": "TikTok"
  },
  {
    "Order_ID": "579833395928336547",
    "Category": "ขนมปังกรอบรสมะพร้าว 5 KG",
    "Sales": 348.71,
    "Date": "2025-01-04",
    "Platform": "TikTok"
  },
  {
    "Order_ID": "579833338057230658",
    "Category": "คุกกี้ก้นหอยสอดไส้ครีมกลิ่นทุเรียน 5 KG",
    "Sales": 357.73,
    "Date": "2025-01-04",
    "Platform": "TikTok"
  },
  {
    "Order_ID": "579833322703325566",
    "Category": "ขนมปังกรอบสอดไส้แยมสับปะรด 5 KG",
    "Sales": 348.44,
    "Date": "2025-01-04",
    "Platform": "TikTok"
  },
  {
    "Order_ID": "579833251572189650",
    "Category": "ขนมปังกรอบสอดไส้แยมสับปะรด 5 KG",
    "Sales": 349.02,
    "Date": "2025-01-04",
    "Platform": "TikTok"
  },
  {
    "Order_ID": "579833194613213648",
    "Category": "ขนมปังกรอบสอดไส้แยมสับปะรด 5 KG",
    "Sales": 696.89,
    "Date": "2025-01-04",
    "Platform": "TikTok"
  },
  {
    "Order_ID": "579833183689476782",
    "Category": "ขนมปังกรอบสอดไส้แยมสับปะรด 5 KG",
    "Sales": 349.02,
    "Date": "2025-01-04",
    "Platform": "TikTok"
  },
  {
    "Order_ID": "579833146539804732",
    "Category": "ขนมปังกรอบรสมะพร้าว 5 KG",
    "Sales": 348.44,
    "Date": "2025-01-04",
    "Platform": "TikTok"
  },
  {
    "Order_ID": "579833115164248868",
    "Category": "ขนมขาไก่รสดั้งเดิม  5 KG",
    "Sales": 367.8,
    "Date": "2025-01-04",
    "Platform": "TikTok"
  },
  {
    "Order_ID": "579833112560240810",
    "Category": "ขนมปังกรอบสอดไส้แยมสับปะรด 5 KG",
    "Sales": 348.44,
    "Date": "2025-01-04",
    "Platform": "TikTok"
  },
  {
    "Order_ID": "579833057556662874",
    "Category": "ขนมปังกรอบเค็มรูปเอบีซี 4 KG",
    "Sales": 580.74,
    "Date": "2025-01-04",
    "Platform": "TikTok"
  },
  {
    "Order_ID": "579832988140538070",
    "Category": "ขนมปังกรอบสอดไส้แยมสับปะรด 5 KG",
    "Sales": 348.44,
    "Date": "2025-01-04",
    "Platform": "TikTok"
  },
  {
    "Order_ID": "579832950876703343",
    "Category": "ขนมปังกรอบรสมะพร้าว 5 KG",
    "Sales": 348.44,
    "Date": "2025-01-04",
    "Platform": "TikTok"
  },
  {
    "Order_ID": "579832860005337607",
    "Category": "ทับทิมทองทรงเครื่อง 5 รส  5.5 KG",
    "Sales": 367.8,
    "Date": "2025-01-04",
    "Platform": "TikTok"
  },
  {
    "Order_ID": "579832826226772345",
    "Category": "ขาไก่ทรงเครื่อง 5 รส  5 KG",
    "Sales": 367.8,
    "Date": "2025-01-04",
    "Platform": "TikTok"
  },
  {
    "Order_ID": "579832706726988213",
    "Category": "ขนมปังกรอบเค็มรูปเอบีซี 4 KG",
    "Sales": 290.37,
    "Date": "2025-01-04",
    "Platform": "TikTok"
  },
  {
    "Order_ID": "579832706288814361",
    "Category": "ขนมปังกรอบสอดไส้แยมสับปะรด 5 KG",
    "Sales": 348.44,
    "Date": "2025-01-04",
    "Platform": "TikTok"
  },
  {
    "Order_ID": "579832652701862434",
    "Category": "ขนมปังกรอบเค็มรูปเอบีซี 4 KG",
    "Sales": 290.37,
    "Date": "2025-01-04",
    "Platform": "TikTok"
  },
  {
    "Order_ID": "579832648532920866",
    "Category": "ขนมปังกรอบเค็มรูปเอบีซี 4 KG",
    "Sales": 290.37,
    "Date": "2025-01-04",
    "Platform": "TikTok"
  },
  {
    "Order_ID": "579832613299587789",
    "Category": "ขนมปังกรอบสอดไส้แยมสับปะรด 5 KG",
    "Sales": 348.44,
    "Date": "2025-01-04",
    "Platform": "TikTok"
  },
  {
    "Order_ID": "579832572038449614",
    "Category": "ทับทิมทองทรงเครื่อง 5 รส  5.5 KG",
    "Sales": 367.8,
    "Date": "2025-01-04",
    "Platform": "TikTok"
  },
  {
    "Order_ID": "579832327404882302",
    "Category": "ทับทิมทองทรงเครื่อง 5 รส  5.5 KG",
    "Sales": 368.38,
    "Date": "2025-01-03",
    "Platform": "TikTok"
  },
  {
    "Order_ID": "579832193314884585",
    "Category": "ขนมปังกรอบสอดไส้แยมสับปะรด 5 KG",
    "Sales": 347.99,
    "Date": "2025-01-03",
    "Platform": "TikTok"
  },
  {
    "Order_ID": "579832115030821615",
    "Category": "ขาไก่ทรงเครื่อง 5 รส  5 KG",
    "Sales": 348.8,
    "Date": "2025-01-03",
    "Platform": "TikTok"
  },
  {
    "Order_ID": "579832088845912101",
    "Category": "ขนมปังกรอบสอดไส้แยมสับปะรด 5 KG",
    "Sales": 347.99,
    "Date": "2025-01-03",
    "Platform": "TikTok"
  },
  {
    "Order_ID": "579832025362565281",
    "Category": "ขาไก่ทรงเครื่อง 5 รส  5 KG",
    "Sales": 367.8,
    "Date": "2025-01-03",
    "Platform": "TikTok"
  },
  {
    "Order_ID": "579832012562991265",
    "Category": "ขนมขาไก่รสดั้งเดิม  5 KG",
    "Sales": 367.8,
    "Date": "2025-01-03",
    "Platform": "TikTok"
  },
  {
    "Order_ID": "579831976274922129",
    "Category": "ขนมปังกรอบสอดไส้แยมสับปะรด 5 KG",
    "Sales": 348.44,
    "Date": "2025-01-03",
    "Platform": "TikTok"
  },
  {
    "Order_ID": "579831975188138780",
    "Category": "ขาไก่ทรงเครื่อง 5 รส  5 KG",
    "Sales": 367.8,
    "Date": "2025-01-03",
    "Platform": "TikTok"
  },
  {
    "Order_ID": "579831937196132809",
    "Category": "ขนมปังกรอบสอดไส้แยมสับปะรด 5 KG",
    "Sales": 696.89,
    "Date": "2025-01-03",
    "Platform": "TikTok"
  },
  {
    "Order_ID": "579831935071325025",
    "Category": "ขนมปังกรอบสอดไส้แยมสับปะรด 5 KG",
    "Sales": 348.44,
    "Date": "2025-01-03",
    "Platform": "TikTok"
  },
  {
    "Order_ID": "579831852340841103",
    "Category": "สอดไส้ครีมกลิ่นวานิลลา",
    "Sales": 357.16,
    "Date": "2025-01-03",
    "Platform": "TikTok"
  },
  {
    "Order_ID": "579831851269130895",
    "Category": "ขนมปังกรอบสอดไส้แยมสับปะรด 5 KG",
    "Sales": 348.44,
    "Date": "2025-01-03",
    "Platform": "TikTok"
  },
  {
    "Order_ID": "579831814367054336",
    "Category": "ขาไก่ทรงเครื่อง 5 รส  5 KG",
    "Sales": 367.8,
    "Date": "2025-01-03",
    "Platform": "TikTok"
  },
  {
    "Order_ID": "579831691604429621",
    "Category": "เวเฟอร์แผ่นสอดไส้ครีมกลิ่นมะพร้าว",
    "Sales": 309.73,
    "Date": "2025-01-03",
    "Platform": "TikTok"
  },
  {
    "Order_ID": "579831698044848949",
    "Category": "เวเฟอร์แผ่นสอดไส้ครีมกลิ่นส้ม ",
    "Sales": 309.73,
    "Date": "2025-01-03",
    "Platform": "TikTok"
  },
  {
    "Order_ID": "579831696786623285",
    "Category": "เวเฟอร์แผ่นสอดไส้ครีมกลิ่นสตรอว์เบอร์รี ",
    "Sales": 309.73,
    "Date": "2025-01-03",
    "Platform": "TikTok"
  },
  {
    "Order_ID": "579831656094271812",
    "Category": "ขนมปังกรอบสอดไส้แยมสับปะรด 5 KG",
    "Sales": 348.44,
    "Date": "2025-01-03",
    "Platform": "TikTok"
  },
  {
    "Order_ID": "579831654507776268",
    "Category": "ขาไก่ทรงเครื่อง 5 รส  5 KG",
    "Sales": 367.8,
    "Date": "2025-01-03",
    "Platform": "TikTok"
  },
  {
    "Order_ID": "579831634719050537",
    "Category": "ขนมปังกรอบสอดไส้แยมสับปะรด 5 KG",
    "Sales": 348.44,
    "Date": "2025-01-03",
    "Platform": "TikTok"
  },
  {
    "Order_ID": "579831472612346183",
    "Category": "ขนมปังกรอบรสงา 5 KG",
    "Sales": 348.44,
    "Date": "2025-01-03",
    "Platform": "TikTok"
  },
  {
    "Order_ID": "579831325406759621",
    "Category": "เวเฟอร์แผ่นสอดไส้ครีมกลิ่นส้ม ",
    "Sales": 309.73,
    "Date": "2025-01-03",
    "Platform": "TikTok"
  },
  {
    "Order_ID": "579831318039464268",
    "Category": "ขนมปังกรอบสอดไส้แยมสับปะรด 5 KG",
    "Sales": 348.44,
    "Date": "2025-01-03",
    "Platform": "TikTok"
  },
  {
    "Order_ID": "579831314671896654",
    "Category": "ขาไก่ทรงเครื่อง 5 รส  5 KG",
    "Sales": 372.62,
    "Date": "2025-01-03",
    "Platform": "TikTok"
  },
  {
    "Order_ID": "579831264015911642",
    "Category": "ขนมปังกรอบสอดไส้แยมสับปะรด 5 KG",
    "Sales": 348.44,
    "Date": "2025-01-03",
    "Platform": "TikTok"
  },
  {
    "Order_ID": "579831255077128937",
    "Category": "ขาไก่ทรงเครื่อง 5 รส  5 KG",
    "Sales": 367.8,
    "Date": "2025-01-03",
    "Platform": "TikTok"
  },
  {
    "Order_ID": "579831231872141837",
    "Category": "ขนมปังกรอบสอดไส้แยมสับปะรด 5 KG",
    "Sales": 1025.97,
    "Date": "2025-01-03",
    "Platform": "TikTok"
  },
  {
    "Order_ID": "579831231872141837",
    "Category": "เวเฟอร์แผ่นสอดไส้ครีมกลิ่นมะพร้าว",
    "Sales": 0.0,
    "Date": "2025-01-03",
    "Platform": "TikTok"
  },
  {
    "Order_ID": "579831231872141837",
    "Category": "ขนมขาไก่รสดั้งเดิม  5 KG",
    "Sales": 0.0,
    "Date": "2025-01-03",
    "Platform": "TikTok"
  },
  {
    "Order_ID": "579831151528217099",
    "Category": "ขนมปังกรอบสอดไส้แยมสับปะรด 5 KG",
    "Sales": 348.44,
    "Date": "2025-01-03",
    "Platform": "TikTok"
  },
  {
    "Order_ID": "579831078827231891",
    "Category": "เวเฟอร์แผ่นสอดไส้ครีมกลิ่นมะพร้าว",
    "Sales": 309.73,
    "Date": "2025-01-03",
    "Platform": "TikTok"
  },
  {
    "Order_ID": "579831036213102861",
    "Category": "ขนมปังกรอบสอดไส้แยมสับปะรด 5 KG",
    "Sales": -134.0,
    "Date": "2025-01-03",
    "Platform": "TikTok"
  },
  {
    "Order_ID": "579831020753619843",
    "Category": "ทับทิมทองทรงเครื่อง 5 รส  5.5 KG",
    "Sales": 367.35,
    "Date": "2025-01-03",
    "Platform": "TikTok"
  },
  {
    "Order_ID": "579830800296675823",
    "Category": "ขนมปังกรอบรสมะพร้าว 5 KG",
    "Sales": 348.44,
    "Date": "2025-01-03",
    "Platform": "TikTok"
  },
  {
    "Order_ID": "579830594805664109",
    "Category": "ขนมปังกรอบสอดไส้แยมสับปะรด 5 KG",
    "Sales": 348.44,
    "Date": "2025-01-03",
    "Platform": "TikTok"
  },
  {
    "Order_ID": "579830390344484882",
    "Category": "ขาไก่ทรงเครื่อง 5 รส  5 KG",
    "Sales": 367.8,
    "Date": "2025-01-03",
    "Platform": "TikTok"
  },
  {
    "Order_ID": "579830389262551347",
    "Category": "ทับทิมทองทรงเครื่อง 5 รส  5.5 KG",
    "Sales": 1355.06,
    "Date": "2025-01-03",
    "Platform": "TikTok"
  },
  {
    "Order_ID": "579830389262551347",
    "Category": "ขาไก่ทรงเครื่อง 5 รส  5 KG",
    "Sales": 0.0,
    "Date": "2025-01-03",
    "Platform": "TikTok"
  },
  {
    "Order_ID": "579830389262551347",
    "Category": "เวเฟอร์แผ่นสอดไส้ครีมกลิ่นสตรอว์เบอร์รี ",
    "Sales": 0.0,
    "Date": "2025-01-03",
    "Platform": "TikTok"
  },
  {
    "Order_ID": "579830389262551347",
    "Category": "เวเฟอร์แผ่นสอดไส้ครีมกลิ่นส้ม ",
    "Sales": 0.0,
    "Date": "2025-01-03",
    "Platform": "TikTok"
  },
  {
    "Order_ID": "579830379810883602",
    "Category": "ขนมปังกรอบรสงา 5 KG",
    "Sales": 348.44,
    "Date": "2025-01-03",
    "Platform": "TikTok"
  },
  {
    "Order_ID": "579830375628638728",
    "Category": "ขาไก่ทรงเครื่อง 5 รส  5 KG",
    "Sales": 367.8,
    "Date": "2025-01-03",
    "Platform": "TikTok"
  },
  {
    "Order_ID": "579830180021504610",
    "Category": "ขาไก่ทรงเครื่อง 5 รส  5 KG",
    "Sales": 367.8,
    "Date": "2025-01-03",
    "Platform": "TikTok"
  },
  {
    "Order_ID": "579830159582136849",
    "Category": "ทับทิมทองทรงเครื่อง 5 รส  5.5 KG",
    "Sales": 367.8,
    "Date": "2025-01-03",
    "Platform": "TikTok"
  },
  {
    "Order_ID": "579830157946358289",
    "Category": "เวเฟอร์แผ่นสอดไส้ครีมรสช็อกโกแลต ",
    "Sales": 619.46,
    "Date": "2025-01-03",
    "Platform": "TikTok"
  },
  {
    "Order_ID": "579830157946358289",
    "Category": "เวเฟอร์แผ่นสอดไส้ครีมกลิ่นมะพร้าว",
    "Sales": 0.0,
    "Date": "2025-01-03",
    "Platform": "TikTok"
  },
  {
    "Order_ID": "579830134302673436",
    "Category": "เวเฟอร์แผ่นสอดไส้ครีมกลิ่นมะพร้าว",
    "Sales": 309.73,
    "Date": "2025-01-03",
    "Platform": "TikTok"
  },
  {
    "Order_ID": "579829952382863936",
    "Category": "ทับทิมทองทรงเครื่อง 5 รส  5.5 KG",
    "Sales": 367.8,
    "Date": "2025-01-03",
    "Platform": "TikTok"
  },
  {
    "Order_ID": "579829792630344002",
    "Category": "ขนมปังกรอบสอดไส้แยมสับปะรด 5 KG",
    "Sales": 349.02,
    "Date": "2025-01-03",
    "Platform": "TikTok"
  },
  {
    "Order_ID": "579829758714808834",
    "Category": "คุกกี้ก้นหอยสอดไส้ครีมกลิ่นทุเรียน 5 KG",
    "Sales": 338.71,
    "Date": "2025-01-03",
    "Platform": "TikTok"
  },
  {
    "Order_ID": "579829633033406695",
    "Category": "ใบเตย-ช็อกโกแลต สอดไส้ครีมกลิ่นใบเตย ",
    "Sales": 353.28,
    "Date": "2025-01-03",
    "Platform": "TikTok"
  },
  {
    "Order_ID": "579829580675844312",
    "Category": "ขนมปังกรอบสอดไส้แยมสับปะรด 5 KG",
    "Sales": 347.99,
    "Date": "2025-01-03",
    "Platform": "TikTok"
  },
  {
    "Order_ID": "579829541916347268",
    "Category": "ขนมปังกรอบสอดไส้แยมสับปะรด 5 KG",
    "Sales": 348.44,
    "Date": "2025-01-03",
    "Platform": "TikTok"
  },
  {
    "Order_ID": "579829524339067039",
    "Category": "ขนมปังกรอบเค็มรูปเอบีซี 4 KG",
    "Sales": 290.37,
    "Date": "2025-01-03",
    "Platform": "TikTok"
  },
  {
    "Order_ID": "579829460973882122",
    "Category": "ขาไก่ทรงเครื่อง 5 รส  5 KG",
    "Sales": 348.8,
    "Date": "2025-01-03",
    "Platform": "TikTok"
  },
  {
    "Order_ID": "579829447059998799",
    "Category": "ขนมปังกรอบสอดไส้แยมสับปะรด 5 KG",
    "Sales": 348.44,
    "Date": "2025-01-03",
    "Platform": "TikTok"
  },
  {
    "Order_ID": "579828985130420668",
    "Category": "ขาไก่ทรงเครื่อง 5 รส  5 KG",
    "Sales": 367.8,
    "Date": "2025-01-03",
    "Platform": "TikTok"
  },
  {
    "Order_ID": "579828688745958058",
    "Category": "ขนมปังกรอบสอดไส้แยมสับปะรด 5 KG",
    "Sales": 348.44,
    "Date": "2025-01-02",
    "Platform": "TikTok"
  },
  {
    "Order_ID": "579828568351082645",
    "Category": "ทับทิมทองทรงเครื่อง 5 รส  5.5 KG",
    "Sales": 348.8,
    "Date": "2025-01-02",
    "Platform": "TikTok"
  },
  {
    "Order_ID": "579828542709599033",
    "Category": "ขาไก่ทรงเครื่อง 5 รส  5 KG",
    "Sales": 367.8,
    "Date": "2025-01-02",
    "Platform": "TikTok"
  },
  {
    "Order_ID": "579828490890217885",
    "Category": "ขาไก่ทรงเครื่อง 5 รส  5 KG",
    "Sales": 677.53,
    "Date": "2025-01-02",
    "Platform": "TikTok"
  },
  {
    "Order_ID": "579828490890217885",
    "Category": "เวเฟอร์แผ่นสอดไส้ครีมกลิ่นมะพร้าว",
    "Sales": 0.0,
    "Date": "2025-01-02",
    "Platform": "TikTok"
  },
  {
    "Order_ID": "579828416720505298",
    "Category": "ขนมปังกรอบสอดไส้แยมสับปะรด 5 KG",
    "Sales": 348.44,
    "Date": "2025-01-02",
    "Platform": "TikTok"
  },
  {
    "Order_ID": "579828308567492609",
    "Category": "ขนมปังกรอบสอดไส้แยมสับปะรด 5 KG",
    "Sales": 348.44,
    "Date": "2025-01-02",
    "Platform": "TikTok"
  },
  {
    "Order_ID": "579828251875380071",
    "Category": "ขนมปังกรอบสอดไส้แยมสับปะรด 5 KG",
    "Sales": 348.44,
    "Date": "2025-01-02",
    "Platform": "TikTok"
  },
  {
    "Order_ID": "579828146578164230",
    "Category": "ขนมปังกรอบสอดไส้แยมสับปะรด 5 KG",
    "Sales": 697.25,
    "Date": "2025-01-02",
    "Platform": "TikTok"
  },
  {
    "Order_ID": "579828146578164230",
    "Category": "ขาไก่ทรงเครื่อง 5 รส  5 KG",
    "Sales": 0.0,
    "Date": "2025-01-02",
    "Platform": "TikTok"
  },
  {
    "Order_ID": "579828076039670067",
    "Category": "ขนมปังกรอบสอดไส้แยมสับปะรด 5 KG",
    "Sales": 348.44,
    "Date": "2025-01-02",
    "Platform": "TikTok"
  },
  {
    "Order_ID": "579827815660161417",
    "Category": "ขนมปังกรอบสอดไส้แยมสับปะรด 5 KG",
    "Sales": 348.44,
    "Date": "2025-01-02",
    "Platform": "TikTok"
  },
  {
    "Order_ID": "579827686469569275",
    "Category": "ขนมปังกรอบสอดไส้แยมสับปะรด 5 KG",
    "Sales": 348.44,
    "Date": "2025-01-02",
    "Platform": "TikTok"
  },
  {
    "Order_ID": "579827650580810316",
    "Category": "ขาไก่ทรงเครื่อง 5 รส  5 KG",
    "Sales": 367.8,
    "Date": "2025-01-02",
    "Platform": "TikTok"
  },
  {
    "Order_ID": "579827600483387909",
    "Category": "ขนมปังกรอบสอดไส้แยมสับปะรด 5 KG",
    "Sales": 348.44,
    "Date": "2025-01-02",
    "Platform": "TikTok"
  },
  {
    "Order_ID": "579827591052495659",
    "Category": "คุกกี้ก้นหอยสอดไส้ครีมกลิ่นทุเรียน 5 KG",
    "Sales": 357.16,
    "Date": "2025-01-02",
    "Platform": "TikTok"
  },
  {
    "Order_ID": "579827590269405995",
    "Category": "ทับทิมทองทรงเครื่อง 5 รส  5.5 KG",
    "Sales": 348.8,
    "Date": "2025-01-02",
    "Platform": "TikTok"
  },
  {
    "Order_ID": "579827470681803309",
    "Category": "ขนมปังกรอบสอดไส้แยมสับปะรด 5 KG",
    "Sales": 1393.78,
    "Date": "2025-01-02",
    "Platform": "TikTok"
  },
  {
    "Order_ID": "579827423780047411",
    "Category": "ใบเตย-ช็อกโกแลต สอดไส้ครีมกลิ่นใบเตย ",
    "Sales": 353.28,
    "Date": "2025-01-02",
    "Platform": "TikTok"
  },
  {
    "Order_ID": "579827394118519197",
    "Category": "ขาไก่ทรงเครื่อง 5 รส  5 KG",
    "Sales": 367.8,
    "Date": "2025-01-02",
    "Platform": "TikTok"
  },
  {
    "Order_ID": "579827181616924768",
    "Category": "ขนมปังกรอบสอดไส้แยมสับปะรด 5 KG",
    "Sales": 348.44,
    "Date": "2025-01-02",
    "Platform": "TikTok"
  },
  {
    "Order_ID": "579827121666296079",
    "Category": "ขนมปังกรอบสอดไส้แยมสับปะรด 5 KG",
    "Sales": 348.44,
    "Date": "2025-01-02",
    "Platform": "TikTok"
  },
  {
    "Order_ID": "579826999964895556",
    "Category": "สอดไส้ครีมกลิ่นวานิลลา",
    "Sales": 357.16,
    "Date": "2025-01-02",
    "Platform": "TikTok"
  },
  {
    "Order_ID": "579826723987884626",
    "Category": "ขนมปังกรอบสอดไส้แยมสับปะรด 5 KG",
    "Sales": 347.99,
    "Date": "2025-01-02",
    "Platform": "TikTok"
  },
  {
    "Order_ID": "579826723138341458",
    "Category": "ทับทิมทองทรงเครื่อง 5 รส  5.5 KG",
    "Sales": 348.8,
    "Date": "2025-01-02",
    "Platform": "TikTok"
  },
  {
    "Order_ID": "579826566213569264",
    "Category": "ขาไก่ทรงเครื่อง 5 รส  5 KG",
    "Sales": 367.8,
    "Date": "2025-01-02",
    "Platform": "TikTok"
  },
  {
    "Order_ID": "579826332330265235",
    "Category": "ขนมปังกรอบรสมะพร้าว 5 KG",
    "Sales": 348.44,
    "Date": "2025-01-02",
    "Platform": "TikTok"
  },
  {
    "Order_ID": "579826280248543948",
    "Category": "คุกกี้ก้นหอยสอดไส้ครีมกลิ่นใบเตย 5 KG",
    "Sales": 357.16,
    "Date": "2025-01-02",
    "Platform": "TikTok"
  },
  {
    "Order_ID": "579826191602059310",
    "Category": "เวเฟอร์แผ่นสอดไส้ครีมรสช็อกโกแลต ",
    "Sales": 619.46,
    "Date": "2025-01-02",
    "Platform": "TikTok"
  },
  {
    "Order_ID": "579826191602059310",
    "Category": "เวเฟอร์แผ่นสอดไส้ครีมกลิ่นมะพร้าว",
    "Sales": 0.0,
    "Date": "2025-01-02",
    "Platform": "TikTok"
  },
  {
    "Order_ID": "579826116775087037",
    "Category": "คุกกี้ก้นหอยสอดไส้ครีมกลิ่นใบเตย 5 KG",
    "Sales": 357.16,
    "Date": "2025-01-02",
    "Platform": "TikTok"
  },
  {
    "Order_ID": "579826008033626392",
    "Category": "ขนมปังกรอบสอดไส้แยมสับปะรด 5 KG",
    "Sales": 348.44,
    "Date": "2025-01-02",
    "Platform": "TikTok"
  },
  {
    "Order_ID": "579825979548010545",
    "Category": "ขนมปังกรอบสอดไส้แยมสับปะรด 5 KG",
    "Sales": 348.44,
    "Date": "2025-01-02",
    "Platform": "TikTok"
  },
  {
    "Order_ID": "579825890206648571",
    "Category": "ขาไก่ทรงเครื่อง 5 รส  5 KG",
    "Sales": 367.8,
    "Date": "2025-01-02",
    "Platform": "TikTok"
  },
  {
    "Order_ID": "579825891981494523",
    "Category": "ขนมปังกรอบสอดไส้แยมสับปะรด 5 KG",
    "Sales": 348.44,
    "Date": "2025-01-02",
    "Platform": "TikTok"
  },
  {
    "Order_ID": "579825792465734298",
    "Category": "ขนมปังกรอบสอดไส้แยมสับปะรด 5 KG",
    "Sales": 348.83,
    "Date": "2025-01-02",
    "Platform": "TikTok"
  },
  {
    "Order_ID": "579825781665270351",
    "Category": "ขนมปังกรอบสอดไส้แยมสับปะรด 5 KG",
    "Sales": 349.02,
    "Date": "2025-01-02",
    "Platform": "TikTok"
  },
  {
    "Order_ID": "579825491132320092",
    "Category": "ขนมขาไก่รสดั้งเดิม  5 KG",
    "Sales": -268.0,
    "Date": "2025-01-02",
    "Platform": "TikTok"
  },
  {
    "Order_ID": "579825454976239790",
    "Category": "ขนมปังกรอบสอดไส้แยมสับปะรด 5 KG",
    "Sales": 349.73,
    "Date": "2025-01-02",
    "Platform": "TikTok"
  },
  {
    "Order_ID": "579806135230957713",
    "Category": "ขนมปังกรอบรสมะพร้าว 5 KG",
    "Sales": 349.37,
    "Date": "2024-12-26",
    "Platform": "TikTok"
  },
  {
    "Order_ID": "579805750185199973",
    "Category": "เวเฟอร์สติ๊กสอดไส้ครีมกลิ่นช็อกโกแลต",
    "Sales": 353.28,
    "Date": "2024-12-26",
    "Platform": "TikTok"
  },
  {
    "Order_ID": "579805704786839906",
    "Category": "เวเฟอร์สติ๊กสอดไส้ครีมกลิ่นช็อกโกแลต",
    "Sales": 359.06,
    "Date": "2024-12-26",
    "Platform": "TikTok"
  },
  {
    "Order_ID": "579804754745396052",
    "Category": "ทับทิมทองทรงเครื่อง 5 รส  5.5 KG",
    "Sales": 0.0,
    "Date": "2024-12-26",
    "Platform": "TikTok"
  },
  {
    "Order_ID": "579804754745396052",
    "Category": "ขาไก่ทรงเครื่อง 5 รส  5 KG",
    "Sales": 0.0,
    "Date": "2024-12-26",
    "Platform": "TikTok"
  },
  {
    "Order_ID": "579804650578217202",
    "Category": "ขนมปังกรอบสอดไส้แยมสับปะรด 5 KG",
    "Sales": 332.91,
    "Date": "2024-12-26",
    "Platform": "TikTok"
  },
  {
    "Order_ID": "579804546129627189",
    "Category": "ทับทิมทองทรงเครื่อง 5 รส  5.5 KG",
    "Sales": 367.8,
    "Date": "2024-12-26",
    "Platform": "TikTok"
  },
  {
    "Order_ID": "579804471326116537",
    "Category": "เวเฟอร์สติ๊กสอดไส้ครีมกลิ่นช็อกโกแลต",
    "Sales": 353.93,
    "Date": "2024-12-26",
    "Platform": "TikTok"
  },
  {
    "Order_ID": "579804435535530134",
    "Category": "สอดไส้ครีมกลิ่นวานิลลา",
    "Sales": 358.12,
    "Date": "2024-12-26",
    "Platform": "TikTok"
  },
  {
    "Order_ID": "579804422466734465",
    "Category": "ขนมปังกรอบสอดไส้แยมสับปะรด 5 KG",
    "Sales": 349.41,
    "Date": "2024-12-26",
    "Platform": "TikTok"
  },
  {
    "Order_ID": "579804076683660256",
    "Category": "ทับทิมทองทรงเครื่อง 5 รส  5.5 KG",
    "Sales": 1106.58,
    "Date": "2024-12-26",
    "Platform": "TikTok"
  },
  {
    "Order_ID": "579802924587518626",
    "Category": "ขนมปังกรอบรสมะพร้าว 5 KG",
    "Sales": 348.44,
    "Date": "2024-12-25",
    "Platform": "TikTok"
  },
  {
    "Order_ID": "579802635342219965",
    "Category": "ขนมปังกรอบสอดไส้แยมสับปะรด 5 KG",
    "Sales": 348.44,
    "Date": "2024-12-25",
    "Platform": "TikTok"
  },
  {
    "Order_ID": "579802562371095338",
    "Category": "เวเฟอร์สติ๊กสอดไส้ครีมกลิ่นช็อกโกแลต",
    "Sales": 353.28,
    "Date": "2024-12-25",
    "Platform": "TikTok"
  },
  {
    "Order_ID": "579802460759034780",
    "Category": "ขนมปังกรอบสอดไส้แยมสับปะรด 5 KG",
    "Sales": 348.7,
    "Date": "2024-12-25",
    "Platform": "TikTok"
  },
  {
    "Order_ID": "579802445850577235",
    "Category": "ขาไก่ทรงเครื่อง 5 รส  5 KG",
    "Sales": 680.23,
    "Date": "2024-12-25",
    "Platform": "TikTok"
  },
  {
    "Order_ID": "579802445850577235",
    "Category": "ขนมปังกรอบสอดไส้แยมสับปะรด 5 KG",
    "Sales": 0.0,
    "Date": "2024-12-25",
    "Platform": "TikTok"
  },
  {
    "Order_ID": "579802434161970106",
    "Category": "ขนมปังกรอบสอดไส้แยมสับปะรด 5 KG",
    "Sales": 348.44,
    "Date": "2024-12-25",
    "Platform": "TikTok"
  },
  {
    "Order_ID": "579802415406090513",
    "Category": "ทับทิมทองทรงเครื่อง 5 รส  5.5 KG",
    "Sales": 367.8,
    "Date": "2024-12-25",
    "Platform": "TikTok"
  },
  {
    "Order_ID": "579801895736085096",
    "Category": "ขนมปังกรอบรสมะพร้าว 5 KG",
    "Sales": 349.09,
    "Date": "2024-12-25",
    "Platform": "TikTok"
  },
  {
    "Order_ID": "579801853091285941",
    "Category": "ขนมขาไก่รสดั้งเดิม  5 KG",
    "Sales": 368.44,
    "Date": "2024-12-25",
    "Platform": "TikTok"
  },
  {
    "Order_ID": "579801810607442088",
    "Category": "ขนมปังกรอบรสงา 5 KG",
    "Sales": 349.73,
    "Date": "2024-12-25",
    "Platform": "TikTok"
  },
  {
    "Order_ID": "579801598780803671",
    "Category": "ขนมปังกรอบรสงา 5 KG",
    "Sales": 348.44,
    "Date": "2024-12-25",
    "Platform": "TikTok"
  },
  {
    "Order_ID": "579801423274018857",
    "Category": "ใบเตย-ช็อกโกแลต สอดไส้ครีมกลิ่นใบเตย ",
    "Sales": 353.93,
    "Date": "2024-12-25",
    "Platform": "TikTok"
  },
  {
    "Order_ID": "579801074360551854",
    "Category": "เวเฟอร์แผ่นสอดไส้ครีมกลิ่นสตรอว์เบอร์รี ",
    "Sales": 309.73,
    "Date": "2024-12-25",
    "Platform": "TikTok"
  },
  {
    "Order_ID": "579800364689820394",
    "Category": "เวเฟอร์แผ่นสอดไส้ครีมกลิ่นสตรอว์เบอร์รี ",
    "Sales": 309.73,
    "Date": "2024-12-25",
    "Platform": "TikTok"
  },
  {
    "Order_ID": "579800307647940844",
    "Category": "ขนมปังกรอบรสงา 5 KG",
    "Sales": 348.44,
    "Date": "2024-12-25",
    "Platform": "TikTok"
  },
  {
    "Order_ID": "579800139849762862",
    "Category": "ขาไก่ทรงเครื่อง 5 รส  5 KG",
    "Sales": 367.8,
    "Date": "2024-12-25",
    "Platform": "TikTok"
  },
  {
    "Order_ID": "579800045028674069",
    "Category": "ขนมปังกรอบรสมะพร้าว 5 KG",
    "Sales": 348.44,
    "Date": "2024-12-25",
    "Platform": "TikTok"
  },
  {
    "Order_ID": "579800032911984792",
    "Category": "ขนมปังกรอบสอดไส้แยมสับปะรด 5 KG",
    "Sales": 350.05,
    "Date": "2024-12-25",
    "Platform": "TikTok"
  },
  {
    "Order_ID": "579799850536635233",
    "Category": "เวเฟอร์สติ๊กสอดไส้ครีมกลิ่นสตรอว์เบอร์รี",
    "Sales": 353.28,
    "Date": "2024-12-25",
    "Platform": "TikTok"
  },
  {
    "Order_ID": "579799387568310877",
    "Category": "ขนมปังกรอบรสงา 5 KG",
    "Sales": 348.44,
    "Date": "2024-12-24",
    "Platform": "TikTok"
  },
  {
    "Order_ID": "579799366467160213",
    "Category": "ขาไก่ทรงเครื่อง 5 รส  5 KG",
    "Sales": 697.6,
    "Date": "2024-12-24",
    "Platform": "TikTok"
  },
  {
    "Order_ID": "579799366467160213",
    "Category": "ทับทิมทองทรงเครื่อง 5 รส  5.5 KG",
    "Sales": 0.0,
    "Date": "2024-12-24",
    "Platform": "TikTok"
  },
  {
    "Order_ID": "579799038940187524",
    "Category": "เวเฟอร์สติ๊กสอดไส้ครีมกลิ่นสตรอว์เบอร์รี",
    "Sales": 353.28,
    "Date": "2024-12-24",
    "Platform": "TikTok"
  },
  {
    "Order_ID": "579799008598329596",
    "Category": "ทับทิมทองทรงเครื่อง 5 รส  5.5 KG",
    "Sales": 350.44,
    "Date": "2024-12-24",
    "Platform": "TikTok"
  },
  {
    "Order_ID": "579798980877716398",
    "Category": "เวเฟอร์สติ๊กสอดไส้ครีมกลิ่นสตรอว์เบอร์รี",
    "Sales": 353.28,
    "Date": "2024-12-24",
    "Platform": "TikTok"
  },
  {
    "Order_ID": "579798968554982339",
    "Category": "ขนมปังกรอบรสมะพร้าว 5 KG",
    "Sales": 348.44,
    "Date": "2024-12-24",
    "Platform": "TikTok"
  },
  {
    "Order_ID": "579798867950602311",
    "Category": "ขนมปังกรอบเค็มรูปเอบีซี 4 KG",
    "Sales": 290.37,
    "Date": "2024-12-24",
    "Platform": "TikTok"
  },
  {
    "Order_ID": "579798553085119219",
    "Category": "ขนมปังกรอบสอดไส้แยมสับปะรด 5 KG",
    "Sales": 354.22,
    "Date": "2024-12-24",
    "Platform": "TikTok"
  },
  {
    "Order_ID": "579798182468422493",
    "Category": "เวเฟอร์แผ่นสอดไส้ครีมกลิ่นมะพร้าว",
    "Sales": 310.37,
    "Date": "2024-12-24",
    "Platform": "TikTok"
  },
  {
    "Order_ID": "579797851119192076",
    "Category": "ขนมปังกรอบรสมะพร้าว 5 KG",
    "Sales": 348.44,
    "Date": "2024-12-24",
    "Platform": "TikTok"
  },
  {
    "Order_ID": "579797747314362875",
    "Category": "ขนมปังกรอบรสงา 5 KG",
    "Sales": 332.09,
    "Date": "2024-12-24",
    "Platform": "TikTok"
  },
  {
    "Order_ID": "579797541823547609",
    "Category": "ขนมขาไก่รสดั้งเดิม  5 KG",
    "Sales": 367.8,
    "Date": "2024-12-24",
    "Platform": "TikTok"
  },
  {
    "Order_ID": "579797507267201836",
    "Category": "ขาไก่ทรงเครื่อง 5 รส  5 KG",
    "Sales": 348.8,
    "Date": "2024-12-24",
    "Platform": "TikTok"
  },
  {
    "Order_ID": "579797497309137901",
    "Category": "ขาไก่ทรงเครื่อง 5 รส  5 KG",
    "Sales": 367.8,
    "Date": "2024-12-24",
    "Platform": "TikTok"
  },
  {
    "Order_ID": "579797486546750412",
    "Category": "ขนมปังกรอบรสมะพร้าว 5 KG",
    "Sales": 705.6,
    "Date": "2024-12-24",
    "Platform": "TikTok"
  },
  {
    "Order_ID": "579797486546750412",
    "Category": "สอดไส้ครีมกลิ่นวานิลลา",
    "Sales": 0.0,
    "Date": "2024-12-24",
    "Platform": "TikTok"
  },
  {
    "Order_ID": "579797433250450247",
    "Category": "ขนมปังกรอบรสงา 5 KG",
    "Sales": 348.44,
    "Date": "2024-12-24",
    "Platform": "TikTok"
  },
  {
    "Order_ID": "579797313377307328",
    "Category": "ขาไก่ทรงเครื่อง 5 รส  5 KG",
    "Sales": 348.8,
    "Date": "2024-12-24",
    "Platform": "TikTok"
  },
  {
    "Order_ID": "579797306845727568",
    "Category": "ทับทิมทองทรงเครื่อง 5 รส  5.5 KG",
    "Sales": 348.8,
    "Date": "2024-12-24",
    "Platform": "TikTok"
  },
  {
    "Order_ID": "579796369063905522",
    "Category": "ขนมขาไก่รสดั้งเดิม  5 KG",
    "Sales": 366.07,
    "Date": "2024-12-23",
    "Platform": "TikTok"
  },
  {
    "Order_ID": "579796287223925231",
    "Category": "ขนมปังกรอบสอดไส้แยมสับปะรด 5 KG",
    "Sales": 348.44,
    "Date": "2024-12-23",
    "Platform": "TikTok"
  },
  {
    "Order_ID": "579796250659424882",
    "Category": "ขาไก่ทรงเครื่อง 5 รส  5 KG",
    "Sales": 367.8,
    "Date": "2024-12-23",
    "Platform": "TikTok"
  },
  {
    "Order_ID": "579796194284767891",
    "Category": "ขาไก่ทรงเครื่อง 5 รส  5 KG",
    "Sales": 368.38,
    "Date": "2024-12-23",
    "Platform": "TikTok"
  },
  {
    "Order_ID": "579796175727921350",
    "Category": "ขาไก่ทรงเครื่อง 5 รส  5 KG",
    "Sales": 367.8,
    "Date": "2024-12-23",
    "Platform": "TikTok"
  },
  {
    "Order_ID": "579796026363971943",
    "Category": "ทับทิมทองทรงเครื่อง 5 รส  5.5 KG",
    "Sales": 367.8,
    "Date": "2024-12-23",
    "Platform": "TikTok"
  },
  {
    "Order_ID": "579795872369314050",
    "Category": "ขาไก่ทรงเครื่อง 5 รส  5 KG",
    "Sales": 368.44,
    "Date": "2024-12-23",
    "Platform": "TikTok"
  },
  {
    "Order_ID": "579795828231669777",
    "Category": "ขนมปังกรอบรสงา 5 KG",
    "Sales": 348.44,
    "Date": "2024-12-23",
    "Platform": "TikTok"
  },
  {
    "Order_ID": "579795802621250285",
    "Category": "ขนมปังกรอบรสงา 5 KG",
    "Sales": 697.43,
    "Date": "2024-12-23",
    "Platform": "TikTok"
  },
  {
    "Order_ID": "579795802621250285",
    "Category": "ขนมปังกรอบรสมะพร้าว 5 KG",
    "Sales": 0.0,
    "Date": "2024-12-23",
    "Platform": "TikTok"
  },
  {
    "Order_ID": "579795747062777879",
    "Category": "ขนมปังกรอบสอดไส้แยมสับปะรด 5 KG",
    "Sales": 349.09,
    "Date": "2024-12-23",
    "Platform": "TikTok"
  },
  {
    "Order_ID": "579795615460395914",
    "Category": "สอดไส้ครีมกลิ่นวานิลลา",
    "Sales": 357.16,
    "Date": "2024-12-23",
    "Platform": "TikTok"
  },
  {
    "Order_ID": "579795262010067900",
    "Category": "เวเฟอร์สติ๊กสอดไส้ครีมกลิ่นช็อกโกแลต",
    "Sales": 353.28,
    "Date": "2024-12-23",
    "Platform": "TikTok"
  },
  {
    "Order_ID": "579795141086382361",
    "Category": "ขนมปังกรอบรสงา 5 KG",
    "Sales": 349.73,
    "Date": "2024-12-23",
    "Platform": "TikTok"
  },
  {
    "Order_ID": "579795086672824388",
    "Category": "เวเฟอร์สติ๊กสอดไส้ครีมกลิ่นช็อกโกแลต",
    "Sales": -268.0,
    "Date": "2024-12-23",
    "Platform": "TikTok"
  },
  {
    "Order_ID": "579795064383375428",
    "Category": "ขาไก่ทรงเครื่อง 5 รส  5 KG",
    "Sales": -268.0,
    "Date": "2024-12-23",
    "Platform": "TikTok"
  },
  {
    "Order_ID": "579794738642323896",
    "Category": "ขาไก่ทรงเครื่อง 5 รส  5 KG",
    "Sales": 368.44,
    "Date": "2024-12-23",
    "Platform": "TikTok"
  },
  {
    "Order_ID": "579794691437594759",
    "Category": "คุกกี้แซนวิสสอดไส้ครีมกลิ่นช็อกโกแลต 5 KG",
    "Sales": 357.8,
    "Date": "2024-12-23",
    "Platform": "TikTok"
  },
  {
    "Order_ID": "579794511242037406",
    "Category": "ขาไก่ทรงเครื่อง 5 รส  5 KG",
    "Sales": 368.44,
    "Date": "2024-12-23",
    "Platform": "TikTok"
  },
  {
    "Order_ID": "579794496005376940",
    "Category": "ขาไก่ทรงเครื่อง 5 รส  5 KG",
    "Sales": 368.93,
    "Date": "2024-12-23",
    "Platform": "TikTok"
  },
  {
    "Order_ID": "579794477810354731",
    "Category": "ขนมปังกรอบสอดไส้แยมสับปะรด 5 KG",
    "Sales": 349.09,
    "Date": "2024-12-23",
    "Platform": "TikTok"
  },
  {
    "Order_ID": "579794076554660368",
    "Category": "ขาไก่ทรงเครื่อง 5 รส  5 KG",
    "Sales": 368.19,
    "Date": "2024-12-23",
    "Platform": "TikTok"
  },
  {
    "Order_ID": "579794049284409736",
    "Category": "ขนมขาไก่รสดั้งเดิม  5 KG",
    "Sales": 367.8,
    "Date": "2024-12-23",
    "Platform": "TikTok"
  },
  {
    "Order_ID": "579794003308022554",
    "Category": "ขนมปังกรอบสอดไส้แยมสับปะรด 5 KG",
    "Sales": 349.02,
    "Date": "2024-12-23",
    "Platform": "TikTok"
  },
  {
    "Order_ID": "579793974085258172",
    "Category": "ขนมปังกรอบสอดไส้แยมสับปะรด 5 KG",
    "Sales": 263.68,
    "Date": "2024-12-23",
    "Platform": "TikTok"
  },
  {
    "Order_ID": "579793974085258172",
    "Category": "คุกกี้ก้นหอยสอดไส้ครีมกลิ่นใบเตย 5 KG",
    "Sales": 0.0,
    "Date": "2024-12-23",
    "Platform": "TikTok"
  },
  {
    "Order_ID": "579793956753213714",
    "Category": "ขนมปังกรอบสอดไส้แยมสับปะรด 5 KG",
    "Sales": 716.89,
    "Date": "2024-12-23",
    "Platform": "TikTok"
  },
  {
    "Order_ID": "579793956753213714",
    "Category": "ขนมขาไก่รสดั้งเดิม  5 KG",
    "Sales": 0.0,
    "Date": "2024-12-23",
    "Platform": "TikTok"
  },
  {
    "Order_ID": "579793941248510456",
    "Category": "ขนมปังกรอบสอดไส้แยมสับปะรด 5 KG",
    "Sales": 348.44,
    "Date": "2024-12-23",
    "Platform": "TikTok"
  },
  {
    "Order_ID": "579793908578879980",
    "Category": "ขนมปังกรอบสอดไส้แยมสับปะรด 5 KG",
    "Sales": 348.44,
    "Date": "2024-12-23",
    "Platform": "TikTok"
  },
  {
    "Order_ID": "579793870912522551",
    "Category": "ทับทิมทองทรงเครื่อง 5 รส  5.5 KG",
    "Sales": 368.44,
    "Date": "2024-12-23",
    "Platform": "TikTok"
  },
  {
    "Order_ID": "579793730497382471",
    "Category": "ขนมปังกรอบรสงา 5 KG",
    "Sales": 330.44,
    "Date": "2024-12-23",
    "Platform": "TikTok"
  },
  {
    "Order_ID": "579793658470697492",
    "Category": "เวเฟอร์สติ๊กสอดไส้ครีมกลิ่นช็อกโกแลต",
    "Sales": 353.28,
    "Date": "2024-12-23",
    "Platform": "TikTok"
  },
  {
    "Order_ID": "579793531303136098",
    "Category": "คุกกี้ก้นหอยสอดไส้ครีมกลิ่นทุเรียน 5 KG",
    "Sales": 357.8,
    "Date": "2024-12-23",
    "Platform": "TikTok"
  },
  {
    "Order_ID": "579793353022605914",
    "Category": "ขนมปังกรอบสอดไส้แยมสับปะรด 5 KG",
    "Sales": 348.44,
    "Date": "2024-12-23",
    "Platform": "TikTok"
  },
  {
    "Order_ID": "579793315749202775",
    "Category": "ขนมปังกรอบรสงา 5 KG",
    "Sales": 349.02,
    "Date": "2024-12-23",
    "Platform": "TikTok"
  },
  {
    "Order_ID": "579793310920313477",
    "Category": "ขนมปังกรอบรสงา 5 KG",
    "Sales": 348.44,
    "Date": "2024-12-23",
    "Platform": "TikTok"
  },
  {
    "Order_ID": "579793197856426123",
    "Category": "ขนมปังกรอบรสมะพร้าว 5 KG",
    "Sales": 350.21,
    "Date": "2024-12-23",
    "Platform": "TikTok"
  },
  {
    "Order_ID": "579793066771647360",
    "Category": "ขนมปังกรอบสอดไส้แยมสับปะรด 5 KG",
    "Sales": 349.02,
    "Date": "2024-12-23",
    "Platform": "TikTok"
  },
  {
    "Order_ID": "579792907239328356",
    "Category": "ขนมปังกรอบสอดไส้แยมสับปะรด 5 KG",
    "Sales": 348.44,
    "Date": "2024-12-22",
    "Platform": "TikTok"
  },
  {
    "Order_ID": "579792820599426015",
    "Category": "ขนมขาไก่รสดั้งเดิม  5 KG",
    "Sales": 367.8,
    "Date": "2024-12-22",
    "Platform": "TikTok"
  },
  {
    "Order_ID": "579792414416341794",
    "Category": "ขนมปังกรอบสอดไส้แยมสับปะรด 5 KG",
    "Sales": 696.89,
    "Date": "2024-12-22",
    "Platform": "TikTok"
  },
  {
    "Order_ID": "579792228588292966",
    "Category": "คุกกี้แซนวิสสอดไส้ครีมกลิ่นช็อกโกแลต 5 KG",
    "Sales": 714.31,
    "Date": "2024-12-22",
    "Platform": "TikTok"
  },
  {
    "Order_ID": "579792207150615155",
    "Category": "ขนมปังกรอบสอดไส้แยมสับปะรด 5 KG",
    "Sales": 349.09,
    "Date": "2024-12-22",
    "Platform": "TikTok"
  },
  {
    "Order_ID": "579792086197045293",
    "Category": "ขนมปังกรอบรสมะพร้าว 5 KG",
    "Sales": 348.44,
    "Date": "2024-12-22",
    "Platform": "TikTok"
  },
  {
    "Order_ID": "579792061558065395",
    "Category": "ขนมปังกรอบสอดไส้แยมสับปะรด 5 KG",
    "Sales": 349.09,
    "Date": "2024-12-22",
    "Platform": "TikTok"
  },
  {
    "Order_ID": "579791910563449256",
    "Category": "ขนมปังกรอบสอดไส้แยมสับปะรด 5 KG",
    "Sales": 348.44,
    "Date": "2024-12-22",
    "Platform": "TikTok"
  },
  {
    "Order_ID": "579791885085149757",
    "Category": "เวเฟอร์สติ๊กลายจุดสอดไส้ครีมกลิ่นช็อกโกแลต",
    "Sales": 336.02,
    "Date": "2024-12-22",
    "Platform": "TikTok"
  },
  {
    "Order_ID": "579791876720659349",
    "Category": "ขนมปังกรอบสอดไส้แยมสับปะรด 5 KG",
    "Sales": 348.44,
    "Date": "2024-12-22",
    "Platform": "TikTok"
  },
  {
    "Order_ID": "579791692427987577",
    "Category": "ขาไก่ทรงเครื่อง 5 รส  5 KG",
    "Sales": 369.41,
    "Date": "2024-12-22",
    "Platform": "TikTok"
  },
  {
    "Order_ID": "579791600930687897",
    "Category": "ขนมปังกรอบสอดไส้แยมสับปะรด 5 KG",
    "Sales": 624.98,
    "Date": "2024-12-22",
    "Platform": "TikTok"
  },
  {
    "Order_ID": "579791600930687897",
    "Category": "คุกกี้ก้นหอยสอดไส้ครีมกลิ่นใบเตย 5 KG",
    "Sales": 0.0,
    "Date": "2024-12-22",
    "Platform": "TikTok"
  },
  {
    "Order_ID": "579791600930687897",
    "Category": "ขาไก่ทรงเครื่อง 5 รส  5 KG",
    "Sales": 0.0,
    "Date": "2024-12-22",
    "Platform": "TikTok"
  },
  {
    "Order_ID": "579791600830417810",
    "Category": "ขนมปังกรอบสอดไส้แยมสับปะรด 5 KG",
    "Sales": 348.44,
    "Date": "2024-12-22",
    "Platform": "TikTok"
  },
  {
    "Order_ID": "579791518938663159",
    "Category": "เวเฟอร์สติ๊กสอดไส้ครีมกลิ่นช็อกโกแลต",
    "Sales": 707.21,
    "Date": "2024-12-22",
    "Platform": "TikTok"
  },
  {
    "Order_ID": "579791518938663159",
    "Category": "เวเฟอร์สติ๊กสอดไส้ครีมกลิ่นใบเตย",
    "Sales": 0.0,
    "Date": "2024-12-22",
    "Platform": "TikTok"
  },
  {
    "Order_ID": "579791251584223693",
    "Category": "ขนมขาไก่รสดั้งเดิม  5 KG",
    "Sales": 368.19,
    "Date": "2024-12-22",
    "Platform": "TikTok"
  },
  {
    "Order_ID": "579791237641636085",
    "Category": "ขนมปังกรอบสอดไส้แยมสับปะรด 5 KG",
    "Sales": 350.05,
    "Date": "2024-12-22",
    "Platform": "TikTok"
  },
  {
    "Order_ID": "579791037642541626",
    "Category": "ขาไก่ทรงเครื่อง 5 รส  5 KG",
    "Sales": 367.8,
    "Date": "2024-12-22",
    "Platform": "TikTok"
  },
  {
    "Order_ID": "579790996102416733",
    "Category": "ขนมปังกรอบสอดไส้แยมสับปะรด 5 KG",
    "Sales": 348.44,
    "Date": "2024-12-22",
    "Platform": "TikTok"
  },
  {
    "Order_ID": "579790965491206172",
    "Category": "ทับทิมทองทรงเครื่อง 5 รส  5.5 KG",
    "Sales": 368.44,
    "Date": "2024-12-22",
    "Platform": "TikTok"
  },
  {
    "Order_ID": "579790850818869850",
    "Category": "ขนมปังกรอบสอดไส้แยมสับปะรด 5 KG",
    "Sales": 348.44,
    "Date": "2024-12-22",
    "Platform": "TikTok"
  },
  {
    "Order_ID": "579790806586591260",
    "Category": "ขนมปังกรอบสอดไส้แยมสับปะรด 5 KG",
    "Sales": 349.09,
    "Date": "2024-12-22",
    "Platform": "TikTok"
  },
  {
    "Order_ID": "579790742438775071",
    "Category": "ขนมปังกรอบสอดไส้แยมสับปะรด 5 KG",
    "Sales": 348.44,
    "Date": "2024-12-22",
    "Platform": "TikTok"
  },
  {
    "Order_ID": "579790695013779679",
    "Category": "ขนมปังกรอบรสงา 5 KG",
    "Sales": 349.09,
    "Date": "2024-12-22",
    "Platform": "TikTok"
  },
  {
    "Order_ID": "579790647062726718",
    "Category": "ขนมปังกรอบสอดไส้แยมสับปะรด 5 KG",
    "Sales": 348.77,
    "Date": "2024-12-22",
    "Platform": "TikTok"
  },
  {
    "Order_ID": "579790521229609935",
    "Category": "ขาไก่ทรงเครื่อง 5 รส  5 KG",
    "Sales": -134.0,
    "Date": "2024-12-22",
    "Platform": "TikTok"
  },
  {
    "Order_ID": "579790484191283945",
    "Category": "ใบเตย-ช็อกโกแลต สอดไส้ครีมกลิ่นใบเตย ",
    "Sales": 353.28,
    "Date": "2024-12-22",
    "Platform": "TikTok"
  },
  {
    "Order_ID": "579790471587007280",
    "Category": "ทับทิมทองทรงเครื่อง 5 รส  5.5 KG",
    "Sales": 367.8,
    "Date": "2024-12-22",
    "Platform": "TikTok"
  },
  {
    "Order_ID": "579790400201460496",
    "Category": "ขนมปังกรอบสอดไส้แยมสับปะรด 5 KG",
    "Sales": 348.44,
    "Date": "2024-12-22",
    "Platform": "TikTok"
  },
  {
    "Order_ID": "579790343770114960",
    "Category": "ขนมปังกรอบสอดไส้แยมสับปะรด 5 KG",
    "Sales": 349.09,
    "Date": "2024-12-22",
    "Platform": "TikTok"
  },
  {
    "Order_ID": "579790274935360429",
    "Category": "เวเฟอร์สติ๊กสอดไส้ครีมกลิ่นช็อกโกแลต",
    "Sales": 353.28,
    "Date": "2024-12-22",
    "Platform": "TikTok"
  },
  {
    "Order_ID": "579790244475144435",
    "Category": "ขนมปังกรอบสอดไส้แยมสับปะรด 5 KG",
    "Sales": 354.22,
    "Date": "2024-12-22",
    "Platform": "TikTok"
  },
  {
    "Order_ID": "579790123053582690",
    "Category": "ทับทิมทองทรงเครื่อง 5 รส  5.5 KG",
    "Sales": 367.8,
    "Date": "2024-12-22",
    "Platform": "TikTok"
  },
  {
    "Order_ID": "579790103751134105",
    "Category": "ขนมขาไก่รสดั้งเดิม  5 KG",
    "Sales": 368.13,
    "Date": "2024-12-22",
    "Platform": "TikTok"
  },
  {
    "Order_ID": "579790112485443938",
    "Category": "ขนมปังกรอบรสงา 5 KG",
    "Sales": 348.44,
    "Date": "2024-12-22",
    "Platform": "TikTok"
  },
  {
    "Order_ID": "579789900891064685",
    "Category": "ขนมปังกรอบสอดไส้แยมสับปะรด 5 KG",
    "Sales": 348.44,
    "Date": "2024-12-22",
    "Platform": "TikTok"
  },
  {
    "Order_ID": "579789832438254448",
    "Category": "ขนมปังกรอบสอดไส้แยมสับปะรด 5 KG",
    "Sales": 350.05,
    "Date": "2024-12-22",
    "Platform": "TikTok"
  },
  {
    "Order_ID": "579789834377463869",
    "Category": "ขนมปังกรอบสอดไส้แยมสับปะรด 5 KG",
    "Sales": 348.44,
    "Date": "2024-12-22",
    "Platform": "TikTok"
  },
  {
    "Order_ID": "579789775099628120",
    "Category": "หมึกเผ็ดหวาน+กุ้งหมึกย่าง 400 กรัม",
    "Sales": 585.58,
    "Date": "2024-12-22",
    "Platform": "TikTok"
  },
  {
    "Order_ID": "579789775099628120",
    "Category": "เวเฟอร์สติ๊กสอดไส้ครีมกลิ่นใบเตย",
    "Sales": 0.0,
    "Date": "2024-12-22",
    "Platform": "TikTok"
  },
  {
    "Order_ID": "579789725775137061",
    "Category": "เวเฟอร์สติ๊กสอดไส้ครีมกลิ่นช็อกโกแลต",
    "Sales": 353.28,
    "Date": "2024-12-22",
    "Platform": "TikTok"
  },
  {
    "Order_ID": "579789715733253036",
    "Category": "ขนมปังกรอบสอดไส้แยมสับปะรด 5 KG",
    "Sales": 349.09,
    "Date": "2024-12-22",
    "Platform": "TikTok"
  },
  {
    "Order_ID": "579789705351563557",
    "Category": "ขนมปังกรอบสอดไส้แยมสับปะรด 5 KG",
    "Sales": 349.25,
    "Date": "2024-12-22",
    "Platform": "TikTok"
  },
  {
    "Order_ID": "579789629084175043",
    "Category": "ทับทิมทองทรงเครื่อง 5 รส  5.5 KG",
    "Sales": 367.8,
    "Date": "2024-12-22",
    "Platform": "TikTok"
  },
  {
    "Order_ID": "579789571078065093",
    "Category": "ทับทิมทองทรงเครื่อง 5 รส  5.5 KG",
    "Sales": 367.8,
    "Date": "2024-12-22",
    "Platform": "TikTok"
  },
  {
    "Order_ID": "579789511083592087",
    "Category": "ขนมปังกรอบสอดไส้แยมสับปะรด 5 KG",
    "Sales": 348.44,
    "Date": "2024-12-22",
    "Platform": "TikTok"
  },
  {
    "Order_ID": "579789465929877965",
    "Category": "ทับทิมทองทรงเครื่อง 5 รส  5.5 KG",
    "Sales": 368.19,
    "Date": "2024-12-22",
    "Platform": "TikTok"
  },
  {
    "Order_ID": "579789442420148467",
    "Category": "เวเฟอร์สติ๊กลายจุดสอดไส้ครีมกลิ่นช็อกโกแลต",
    "Sales": 353.28,
    "Date": "2024-12-22",
    "Platform": "TikTok"
  },
  {
    "Order_ID": "579789004778473964",
    "Category": "ขนมปังกรอบสอดไส้แยมสับปะรด 5 KG",
    "Sales": 349.02,
    "Date": "2024-12-21",
    "Platform": "TikTok"
  },
  {
    "Order_ID": "579788611852208744",
    "Category": "ขาไก่ทรงเครื่อง 5 รส  5 KG",
    "Sales": 367.8,
    "Date": "2024-12-21",
    "Platform": "TikTok"
  },
  {
    "Order_ID": "579788421925866343",
    "Category": "ขนมปังกรอบรสงา 5 KG",
    "Sales": 348.44,
    "Date": "2024-12-21",
    "Platform": "TikTok"
  },
  {
    "Order_ID": "579788266736093309",
    "Category": "ขาไก่ทรงเครื่อง 5 รส  5 KG",
    "Sales": 348.8,
    "Date": "2024-12-21",
    "Platform": "TikTok"
  },
  {
    "Order_ID": "579788232715438205",
    "Category": "เวเฟอร์สติ๊กสอดไส้ครีมกลิ่นช็อกโกแลต",
    "Sales": 670.07,
    "Date": "2024-12-21",
    "Platform": "TikTok"
  },
  {
    "Order_ID": "579788232715438205",
    "Category": "เวเฟอร์สติ๊กลายจุดสอดไส้ครีมกลิ่นช็อกโกแลต",
    "Sales": 0.0,
    "Date": "2024-12-21",
    "Platform": "TikTok"
  },
  {
    "Order_ID": "579787964910242452",
    "Category": "ขนมปังกรอบสอดไส้แยมสับปะรด 5 KG",
    "Sales": 348.44,
    "Date": "2024-12-21",
    "Platform": "TikTok"
  },
  {
    "Order_ID": "579787945106311432",
    "Category": "ขนมปังกรอบสอดไส้แยมสับปะรด 5 KG",
    "Sales": 348.44,
    "Date": "2024-12-21",
    "Platform": "TikTok"
  },
  {
    "Order_ID": "579787905431996705",
    "Category": "ขนมขาไก่รสดั้งเดิม  5 KG",
    "Sales": 735.6,
    "Date": "2024-12-21",
    "Platform": "TikTok"
  },
  {
    "Order_ID": "579787905431996705",
    "Category": "ขาไก่ทรงเครื่อง 5 รส  5 KG",
    "Sales": 0.0,
    "Date": "2024-12-21",
    "Platform": "TikTok"
  },
  {
    "Order_ID": "579787845964171942",
    "Category": "ขนมปังกรอบสอดไส้แยมสับปะรด 5 KG",
    "Sales": 350.05,
    "Date": "2024-12-21",
    "Platform": "TikTok"
  },
  {
    "Order_ID": "579787829467056821",
    "Category": "ขาไก่ทรงเครื่อง 5 รส  5 KG",
    "Sales": 352.91,
    "Date": "2024-12-21",
    "Platform": "TikTok"
  },
  {
    "Order_ID": "579787791756986713",
    "Category": "ขาไก่ทรงเครื่อง 5 รส  5 KG",
    "Sales": 369.41,
    "Date": "2024-12-21",
    "Platform": "TikTok"
  },
  {
    "Order_ID": "579787794686839798",
    "Category": "ขนมปังกรอบสอดไส้แยมสับปะรด 5 KG",
    "Sales": 717.85,
    "Date": "2024-12-21",
    "Platform": "TikTok"
  },
  {
    "Order_ID": "579787794686839798",
    "Category": "ขาไก่ทรงเครื่อง 5 รส  5 KG",
    "Sales": 0.0,
    "Date": "2024-12-21",
    "Platform": "TikTok"
  },
  {
    "Order_ID": "579787761326000383",
    "Category": "ขาไก่ทรงเครื่อง 5 รส  5 KG",
    "Sales": 369.09,
    "Date": "2024-12-21",
    "Platform": "TikTok"
  },
  {
    "Order_ID": "579787764281542872",
    "Category": "ขนมขาไก่รสดั้งเดิม  5 KG",
    "Sales": 369.41,
    "Date": "2024-12-21",
    "Platform": "TikTok"
  },
  {
    "Order_ID": "579787728281045247",
    "Category": "ขนมปังกรอบสอดไส้แยมสับปะรด 5 KG",
    "Sales": 350.05,
    "Date": "2024-12-21",
    "Platform": "TikTok"
  },
  {
    "Order_ID": "579787457708395222",
    "Category": "ขนมปังกรอบสอดไส้แยมสับปะรด 5 KG",
    "Sales": 329.83,
    "Date": "2024-12-21",
    "Platform": "TikTok"
  },
  {
    "Order_ID": "579787415275931731",
    "Category": "เวเฟอร์สติ๊กสอดไส้ครีมกลิ่นสตรอว์เบอร์รี",
    "Sales": 334.4,
    "Date": "2024-12-21",
    "Platform": "TikTok"
  },
  {
    "Order_ID": "579787344769157819",
    "Category": "ขาไก่ทรงเครื่อง 5 รส  5 KG",
    "Sales": 328.47,
    "Date": "2024-12-21",
    "Platform": "TikTok"
  },
  {
    "Order_ID": "579787262415243762",
    "Category": "ขนมปังกรอบรสมะพร้าว 5 KG",
    "Sales": 329.18,
    "Date": "2024-12-21",
    "Platform": "TikTok"
  },
  {
    "Order_ID": "579787251965987757",
    "Category": "ขาไก่ทรงเครื่อง 5 รส  5 KG",
    "Sales": 347.86,
    "Date": "2024-12-21",
    "Platform": "TikTok"
  },
  {
    "Order_ID": "579787196041497415",
    "Category": "เวเฟอร์สติ๊กสอดไส้ครีมกลิ่นช็อกโกแลต",
    "Sales": 333.75,
    "Date": "2024-12-21",
    "Platform": "TikTok"
  },
  {
    "Order_ID": "579787166359193621",
    "Category": "ขนมปังกรอบสอดไส้แยมสับปะรด 5 KG",
    "Sales": 329.18,
    "Date": "2024-12-21",
    "Platform": "TikTok"
  },
  {
    "Order_ID": "579787151352433399",
    "Category": "เวเฟอร์แผ่นสอดไส้ครีมกลิ่นมะพร้าว",
    "Sales": 293.25,
    "Date": "2024-12-21",
    "Platform": "TikTok"
  },
  {
    "Order_ID": "579787069553936940",
    "Category": "ขนมขาไก่รสดั้งเดิม  5 KG",
    "Sales": 348.11,
    "Date": "2024-12-21",
    "Platform": "TikTok"
  },
  {
    "Order_ID": "579787014136695763",
    "Category": "เวเฟอร์สติ๊กสอดไส้ครีมกลิ่นช็อกโกแลต",
    "Sales": 333.75,
    "Date": "2024-12-21",
    "Platform": "TikTok"
  },
  {
    "Order_ID": "579786797392824808",
    "Category": "ขนมปังกรอบรสงา 5 KG",
    "Sales": 329.83,
    "Date": "2024-12-21",
    "Platform": "TikTok"
  },
  {
    "Order_ID": "579786648793090358",
    "Category": "เวเฟอร์สติ๊กแฟนซีส้ม-ช็อกโกแลต สอดไส้ครีมกลิ่นส้ม 5 KG",
    "Sales": 681.87,
    "Date": "2024-12-21",
    "Platform": "TikTok"
  },
  {
    "Order_ID": "579786648793090358",
    "Category": "ขนมขาไก่รสดั้งเดิม  5 KG",
    "Sales": 0.0,
    "Date": "2024-12-21",
    "Platform": "TikTok"
  },
  {
    "Order_ID": "579786599927220628",
    "Category": "ขนมปังกรอบสอดไส้แยมสับปะรด 5 KG",
    "Sales": 329.18,
    "Date": "2024-12-21",
    "Platform": "TikTok"
  },
  {
    "Order_ID": "579786500966615855",
    "Category": "ขนมปังกรอบสอดไส้แยมสับปะรด 5 KG",
    "Sales": 311.18,
    "Date": "2024-12-21",
    "Platform": "TikTok"
  },
  {
    "Order_ID": "579786388014860654",
    "Category": "ขนมปังกรอบสอดไส้แยมสับปะรด 5 KG",
    "Sales": 329.18,
    "Date": "2024-12-21",
    "Platform": "TikTok"
  },
  {
    "Order_ID": "579786263491741714",
    "Category": "ทับทิมทองทรงเครื่อง 5 รส  5.5 KG",
    "Sales": 347.47,
    "Date": "2024-12-21",
    "Platform": "TikTok"
  },
  {
    "Order_ID": "579786185144896341",
    "Category": "เวเฟอร์แผ่นสอดไส้ครีมกลิ่นส้ม ",
    "Sales": 292.61,
    "Date": "2024-12-21",
    "Platform": "TikTok"
  },
  {
    "Order_ID": "579786170424592426",
    "Category": "ขาไก่ทรงเครื่อง 5 รส  5 KG",
    "Sales": 347.47,
    "Date": "2024-12-21",
    "Platform": "TikTok"
  },
  {
    "Order_ID": "579786131198806212",
    "Category": "ขนมปังกรอบสอดไส้แยมสับปะรด 5 KG",
    "Sales": 329.18,
    "Date": "2024-12-21",
    "Platform": "TikTok"
  },
  {
    "Order_ID": "579786021325932958",
    "Category": "ขนมขาไก่รสดั้งเดิม  5 KG",
    "Sales": 348.05,
    "Date": "2024-12-21",
    "Platform": "TikTok"
  },
  {
    "Order_ID": "579785809181575854",
    "Category": "ขนมปังกรอบสอดไส้แยมสับปะรด 5 KG",
    "Sales": 329.18,
    "Date": "2024-12-21",
    "Platform": "TikTok"
  },
  {
    "Order_ID": "579785696077515246",
    "Category": "ขนมขาไก่รสดั้งเดิม  5 KG",
    "Sales": 347.47,
    "Date": "2024-12-21",
    "Platform": "TikTok"
  },
  {
    "Order_ID": "579785546693183976",
    "Category": "ขาไก่ทรงเครื่อง 5 รส  5 KG",
    "Sales": 348.11,
    "Date": "2024-12-20",
    "Platform": "TikTok"
  },
  {
    "Order_ID": "579785433358043768",
    "Category": "ขนมปังกรอบสอดไส้แยมสับปะรด 5 KG",
    "Sales": 328.73,
    "Date": "2024-12-20",
    "Platform": "TikTok"
  },
  {
    "Order_ID": "579785226933930755",
    "Category": "ทับทิมทองทรงเครื่อง 5 รส  5.5 KG",
    "Sales": 347.47,
    "Date": "2024-12-20",
    "Platform": "TikTok"
  },
  {
    "Order_ID": "579785053091498866",
    "Category": "ขาไก่ทรงเครื่อง 5 รส  5 KG",
    "Sales": 347.47,
    "Date": "2024-12-20",
    "Platform": "TikTok"
  },
  {
    "Order_ID": "579785054588603289",
    "Category": "ขาไก่ทรงเครื่อง 5 รส  5 KG",
    "Sales": 347.86,
    "Date": "2024-12-20",
    "Platform": "TikTok"
  },
  {
    "Order_ID": "579784738922269680",
    "Category": "ขนมปังกรอบสอดไส้แยมสับปะรด 5 KG",
    "Sales": 329.18,
    "Date": "2024-12-20",
    "Platform": "TikTok"
  },
  {
    "Order_ID": "579784648726775910",
    "Category": "ขนมปังกรอบสอดไส้แยมสับปะรด 5 KG",
    "Sales": 328.73,
    "Date": "2024-12-20",
    "Platform": "TikTok"
  },
  {
    "Order_ID": "579784658167171682",
    "Category": "ขาไก่ทรงเครื่อง 5 รส  5 KG",
    "Sales": 694.94,
    "Date": "2024-12-20",
    "Platform": "TikTok"
  },
  {
    "Order_ID": "579784639932696679",
    "Category": "ขาไก่ทรงเครื่อง 5 รส  5 KG",
    "Sales": 347.86,
    "Date": "2024-12-20",
    "Platform": "TikTok"
  },
  {
    "Order_ID": "579784583914817605",
    "Category": "ขาไก่ทรงเครื่อง 5 รส  5 KG",
    "Sales": 347.47,
    "Date": "2024-12-20",
    "Platform": "TikTok"
  },
  {
    "Order_ID": "579784205664421890",
    "Category": "ขนมปังกรอบเค็มรูปเอบีซี 4 KG",
    "Sales": 274.32,
    "Date": "2024-12-20",
    "Platform": "TikTok"
  },
  {
    "Order_ID": "579783999074044738",
    "Category": "เวเฟอร์สติ๊กสอดไส้ครีมกลิ่นช็อกโกแลต",
    "Sales": 329.45,
    "Date": "2024-12-20",
    "Platform": "TikTok"
  },
  {
    "Order_ID": "579783768116529575",
    "Category": "ใบเตย-ช็อกโกแลต สอดไส้ครีมกลิ่นใบเตย ",
    "Sales": 333.75,
    "Date": "2024-12-20",
    "Platform": "TikTok"
  },
  {
    "Order_ID": "579783547984906555",
    "Category": "ขนมปังกรอบสอดไส้แยมสับปะรด 5 KG",
    "Sales": 329.38,
    "Date": "2024-12-20",
    "Platform": "TikTok"
  },
  {
    "Order_ID": "579783450753927828",
    "Category": "ทับทิมทองทรงเครื่อง 5 รส  5.5 KG",
    "Sales": 347.47,
    "Date": "2024-12-20",
    "Platform": "TikTok"
  },
  {
    "Order_ID": "579783027616680940",
    "Category": "ขาไก่ทรงเครื่อง 5 รส  5 KG",
    "Sales": 348.11,
    "Date": "2024-12-20",
    "Platform": "TikTok"
  },
  {
    "Order_ID": "579782775800367674",
    "Category": "ขนมปังกรอบรสงา 5 KG",
    "Sales": 329.51,
    "Date": "2024-12-20",
    "Platform": "TikTok"
  },
  {
    "Order_ID": "579782739384109517",
    "Category": "ขนมปังกรอบสอดไส้แยมสับปะรด 5 KG",
    "Sales": 329.18,
    "Date": "2024-12-20",
    "Platform": "TikTok"
  },
  {
    "Order_ID": "579782725213325954",
    "Category": "ขาไก่ทรงเครื่อง 5 รส  5 KG",
    "Sales": 347.47,
    "Date": "2024-12-20",
    "Platform": "TikTok"
  },
  {
    "Order_ID": "579782257608525851",
    "Category": "ขาไก่ทรงเครื่อง 5 รส  5 KG",
    "Sales": 347.47,
    "Date": "2024-12-19",
    "Platform": "TikTok"
  },
  {
    "Order_ID": "579782146917501343",
    "Category": "คุกกี้แซนวิสสอดไส้ครีมกลิ่นช็อกโกแลต 5 KG",
    "Sales": 337.42,
    "Date": "2024-12-19",
    "Platform": "TikTok"
  },
  {
    "Order_ID": "579781541861690115",
    "Category": "ทับทิมทองทรงเครื่อง 5 รส  5.5 KG",
    "Sales": 347.47,
    "Date": "2024-12-19",
    "Platform": "TikTok"
  },
  {
    "Order_ID": "579781530492766587",
    "Category": "ขาไก่ทรงเครื่อง 5 รส  5 KG",
    "Sales": 347.02,
    "Date": "2024-12-19",
    "Platform": "TikTok"
  },
  {
    "Order_ID": "579781525319747963",
    "Category": "ขนมขาไก่รสดั้งเดิม  5 KG",
    "Sales": 347.02,
    "Date": "2024-12-19",
    "Platform": "TikTok"
  },
  {
    "Order_ID": "579781492057737655",
    "Category": "ทับทิมทองทรงเครื่อง 5 รส  5.5 KG",
    "Sales": 347.47,
    "Date": "2024-12-19",
    "Platform": "TikTok"
  },
  {
    "Order_ID": "579781054571055225",
    "Category": "เวเฟอร์สติ๊กลายจุดสอดไส้ครีมกลิ่นช็อกโกแลต",
    "Sales": 339.53,
    "Date": "2024-12-19",
    "Platform": "TikTok"
  },
  {
    "Order_ID": "579780780232641472",
    "Category": "ทับทิมทองทรงเครื่อง 5 รส  5.5 KG",
    "Sales": 347.47,
    "Date": "2024-12-19",
    "Platform": "TikTok"
  },
  {
    "Order_ID": "579780571959036214",
    "Category": "ขาไก่ทรงเครื่อง 5 รส  5 KG",
    "Sales": 348.11,
    "Date": "2024-12-19",
    "Platform": "TikTok"
  },
  {
    "Order_ID": "579780568535698201",
    "Category": "เวเฟอร์สติ๊กสอดไส้ครีมกลิ่นส้ม",
    "Sales": 334.4,
    "Date": "2024-12-19",
    "Platform": "TikTok"
  },
  {
    "Order_ID": "579780554323626334",
    "Category": "ขาไก่ทรงเครื่อง 5 รส  5 KG",
    "Sales": 347.47,
    "Date": "2024-12-19",
    "Platform": "TikTok"
  },
  {
    "Order_ID": "579780331901126970",
    "Category": "ขนมขาไก่รสดั้งเดิม  5 KG",
    "Sales": 347.66,
    "Date": "2024-12-19",
    "Platform": "TikTok"
  },
  {
    "Order_ID": "579780240197126290",
    "Category": "ขาไก่ทรงเครื่อง 5 รส  5 KG",
    "Sales": 348.05,
    "Date": "2024-12-19",
    "Platform": "TikTok"
  },
  {
    "Order_ID": "579780121997052161",
    "Category": "เวเฟอร์สติ๊กสอดไส้ครีมกลิ่นช็อกโกแลต",
    "Sales": 683.15,
    "Date": "2024-12-19",
    "Platform": "TikTok"
  },
  {
    "Order_ID": "579780121997052161",
    "Category": "ขาไก่ทรงเครื่อง 5 รส  5 KG",
    "Sales": 0.0,
    "Date": "2024-12-19",
    "Platform": "TikTok"
  },
  {
    "Order_ID": "579780122178783981",
    "Category": "ทับทิมทองทรงเครื่อง 5 รส  5.5 KG",
    "Sales": 347.02,
    "Date": "2024-12-19",
    "Platform": "TikTok"
  },
  {
    "Order_ID": "579779863943612509",
    "Category": "ขาไก่ทรงเครื่อง 5 รส  5 KG",
    "Sales": 347.83,
    "Date": "2024-12-19",
    "Platform": "TikTok"
  },
  {
    "Order_ID": "579778720392383056",
    "Category": "สอดไส้ครีมกลิ่นวานิลลา",
    "Sales": 338.06,
    "Date": "2024-12-18",
    "Platform": "TikTok"
  },
  {
    "Order_ID": "579778437522164173",
    "Category": "เวเฟอร์สติ๊กสอดไส้ครีมกลิ่นช็อกโกแลต",
    "Sales": 333.3,
    "Date": "2024-12-18",
    "Platform": "TikTok"
  },
  {
    "Order_ID": "579777875088410641",
    "Category": "ทับทิมทองทรงเครื่อง 5 รส  5.5 KG",
    "Sales": 347.47,
    "Date": "2024-12-18",
    "Platform": "TikTok"
  },
  {
    "Order_ID": "579777230458095634",
    "Category": "ขนมปังกรอบสอดไส้แยมสับปะรด 5 KG",
    "Sales": 658.37,
    "Date": "2024-12-18",
    "Platform": "TikTok"
  },
  {
    "Order_ID": "579777165529221981",
    "Category": "เวเฟอร์สติ๊กลายจุดสอดไส้ครีมกลิ่นช็อกโกแลต",
    "Sales": 334.4,
    "Date": "2024-12-18",
    "Platform": "TikTok"
  },
  {
    "Order_ID": "579777063567199187",
    "Category": "เวเฟอร์สติ๊กลายจุดสอดไส้ครีมกลิ่นช็อกโกแลต",
    "Sales": 333.75,
    "Date": "2024-12-18",
    "Platform": "TikTok"
  },
  {
    "Order_ID": "579776494083410067",
    "Category": "ขนมขาไก่รสดั้งเดิม  5 KG",
    "Sales": 347.47,
    "Date": "2024-12-18",
    "Platform": "TikTok"
  },
  {
    "Order_ID": "579776253614459661",
    "Category": "คุกกี้แซนวิสสอดไส้ครีมกลิ่นช็อกโกแลต 5 KG",
    "Sales": 337.42,
    "Date": "2024-12-18",
    "Platform": "TikTok"
  },
  {
    "Order_ID": "579776170829711646",
    "Category": "ขาไก่ทรงเครื่อง 5 รส  5 KG",
    "Sales": 347.02,
    "Date": "2024-12-18",
    "Platform": "TikTok"
  },
  {
    "Order_ID": "579776114262051182",
    "Category": "ขนมปังกรอบเค็มรูปเอบีซี 4 KG",
    "Sales": 608.07,
    "Date": "2024-12-18",
    "Platform": "TikTok"
  },
  {
    "Order_ID": "579776114262051182",
    "Category": "เวเฟอร์สติ๊กลายจุดสอดไส้ครีมกลิ่นช็อกโกแลต",
    "Sales": 0.0,
    "Date": "2024-12-18",
    "Platform": "TikTok"
  },
  {
    "Order_ID": "579775932197144655",
    "Category": "ขนมขาไก่รสดั้งเดิม  5 KG",
    "Sales": 347.47,
    "Date": "2024-12-18",
    "Platform": "TikTok"
  },
  {
    "Order_ID": "579775900308769469",
    "Category": "ขาไก่ทรงเครื่อง 5 รส  5 KG",
    "Sales": 347.47,
    "Date": "2024-12-18",
    "Platform": "TikTok"
  },
  {
    "Order_ID": "579775708888009158",
    "Category": "ขาไก่ทรงเครื่อง 5 รส  5 KG",
    "Sales": 347.02,
    "Date": "2024-12-18",
    "Platform": "TikTok"
  },
  {
    "Order_ID": "579775455548442924",
    "Category": "ขนมขาไก่รสดั้งเดิม  5 KG",
    "Sales": 347.47,
    "Date": "2024-12-18",
    "Platform": "TikTok"
  },
  {
    "Order_ID": "579774752512379860",
    "Category": "เวเฟอร์สติ๊กลายจุดสอดไส้ครีมกลิ่นช็อกโกแลต",
    "Sales": 333.75,
    "Date": "2024-12-17",
    "Platform": "TikTok"
  },
  {
    "Order_ID": "579774452808387560",
    "Category": "เวเฟอร์สติ๊กสอดไส้ครีมกลิ่นสตรอว์เบอร์รี",
    "Sales": 335.04,
    "Date": "2024-12-17",
    "Platform": "TikTok"
  },
  {
    "Order_ID": "579773991134071290",
    "Category": "ขาไก่ทรงเครื่อง 5 รส  5 KG",
    "Sales": 347.6,
    "Date": "2024-12-17",
    "Platform": "TikTok"
  },
  {
    "Order_ID": "579772541797567124",
    "Category": "เวเฟอร์สติ๊กสอดไส้ครีมกลิ่นช็อกโกแลต",
    "Sales": 339.53,
    "Date": "2024-12-17",
    "Platform": "TikTok"
  },
  {
    "Order_ID": "579772413496101616",
    "Category": "เวเฟอร์แผ่นสอดไส้ครีมกลิ่นส้ม ",
    "Sales": 585.22,
    "Date": "2024-12-17",
    "Platform": "TikTok"
  },
  {
    "Order_ID": "579772413496101616",
    "Category": "เวเฟอร์แผ่นสอดไส้ครีมกลิ่นสตรอว์เบอร์รี ",
    "Sales": 0.0,
    "Date": "2024-12-17",
    "Platform": "TikTok"
  },
  {
    "Order_ID": "579772208991996589",
    "Category": "ขนมปังกรอบสอดไส้แยมสับปะรด 5 KG",
    "Sales": 329.76,
    "Date": "2024-12-17",
    "Platform": "TikTok"
  },
  {
    "Order_ID": "579772039161940001",
    "Category": "ขนมปังกรอบสอดไส้แยมสับปะรด 5 KG",
    "Sales": 312.27,
    "Date": "2024-12-17",
    "Platform": "TikTok"
  },
  {
    "Order_ID": "579771656507984301",
    "Category": "ขนมขาไก่รสดั้งเดิม  5 KG",
    "Sales": 661.48,
    "Date": "2024-12-16",
    "Platform": "TikTok"
  },
  {
    "Order_ID": "579771656507984301",
    "Category": "ขาไก่ทรงเครื่อง 5 รส  5 KG",
    "Sales": 0.0,
    "Date": "2024-12-16",
    "Platform": "TikTok"
  },
  {
    "Order_ID": "579771572908624453",
    "Category": "ขาไก่ทรงเครื่อง 5 รส  5 KG",
    "Sales": 335.88,
    "Date": "2024-12-16",
    "Platform": "TikTok"
  },
  {
    "Order_ID": "579771515049707786",
    "Category": "คุกกี้ก้นหอยสอดไส้ครีมกลิ่นทุเรียน 5 KG",
    "Sales": 321.19,
    "Date": "2024-12-16",
    "Platform": "TikTok"
  },
  {
    "Order_ID": "579771313365420464",
    "Category": "เวเฟอร์สติ๊กสอดไส้ครีมกลิ่นช็อกโกแลต",
    "Sales": 317.07,
    "Date": "2024-12-16",
    "Platform": "TikTok"
  },
  {
    "Order_ID": "579771317746436849",
    "Category": "ขนมปังกรอบสอดไส้แยมสับปะรด 5 KG",
    "Sales": 312.27,
    "Date": "2024-12-16",
    "Platform": "TikTok"
  },
  {
    "Order_ID": "579769913234589855",
    "Category": "ขนมขาไก่รสดั้งเดิม  5 KG",
    "Sales": 330.49,
    "Date": "2024-12-16",
    "Platform": "TikTok"
  },
  {
    "Order_ID": "579769251369749466",
    "Category": "เวเฟอร์สติ๊กสอดไส้ครีมกลิ่นช็อกโกแลต",
    "Sales": 318.03,
    "Date": "2024-12-16",
    "Platform": "TikTok"
  },
  {
    "Order_ID": "579769199605549895",
    "Category": "ขนมปังกรอบสอดไส้แยมสับปะรด 5 KG",
    "Sales": 312.27,
    "Date": "2024-12-16",
    "Platform": "TikTok"
  },
  {
    "Order_ID": "579769157389355617",
    "Category": "ขาไก่ทรงเครื่อง 5 รส  5 KG",
    "Sales": 329.65,
    "Date": "2024-12-16",
    "Platform": "TikTok"
  },
  {
    "Order_ID": "579769022593796989",
    "Category": "เวเฟอร์สติ๊กสอดไส้ครีมกลิ่นช็อกโกแลต",
    "Sales": 317.07,
    "Date": "2024-12-16",
    "Platform": "TikTok"
  },
  {
    "Order_ID": "579768774626150863",
    "Category": "ขาไก่ทรงเครื่อง 5 รส  5 KG",
    "Sales": 330.1,
    "Date": "2024-12-16",
    "Platform": "TikTok"
  },
  {
    "Order_ID": "579768649656470012",
    "Category": "เวเฟอร์สติ๊กสอดไส้ครีมกลิ่นใบเตย",
    "Sales": 316.62,
    "Date": "2024-12-16",
    "Platform": "TikTok"
  },
  {
    "Order_ID": "579768029780741038",
    "Category": "เวเฟอร์สติ๊กสอดไส้ครีมกลิ่นช็อกโกแลต",
    "Sales": 318.35,
    "Date": "2024-12-15",
    "Platform": "TikTok"
  },
  {
    "Order_ID": "579767903221746002",
    "Category": "ขาไก่ทรงเครื่อง 5 รส  5 KG",
    "Sales": 330.1,
    "Date": "2024-12-15",
    "Platform": "TikTok"
  },
  {
    "Order_ID": "579767522343095270",
    "Category": "ขนมขาไก่รสดั้งเดิม  5 KG",
    "Sales": 330.1,
    "Date": "2024-12-15",
    "Platform": "TikTok"
  },
  {
    "Order_ID": "579766298692323954",
    "Category": "ขนมปังกรอบรสงา 5 KG",
    "Sales": 312.27,
    "Date": "2024-12-15",
    "Platform": "TikTok"
  },
  {
    "Order_ID": "579765832006666550",
    "Category": "ขนมปังกรอบรสมะพร้าว 5 KG",
    "Sales": 312.72,
    "Date": "2024-12-15",
    "Platform": "TikTok"
  },
  {
    "Order_ID": "579765625261886033",
    "Category": "เวเฟอร์สติ๊กลายจุดสอดไส้ครีมกลิ่นช็อกโกแลต",
    "Sales": 316.62,
    "Date": "2024-12-15",
    "Platform": "TikTok"
  },
  {
    "Order_ID": "579763181099649707",
    "Category": "สอดไส้ครีมกลิ่นวานิลลา",
    "Sales": 318.81,
    "Date": "2024-12-14",
    "Platform": "TikTok"
  }
]